@ARTICLE{helmi;white_1999,
   author = {{Helmi}, A. and {White}, S.~D.~M.},
    title = "{Building up the stellar halo of the Galaxy}",
  journal = {\mnras},
   eprint = {arXiv:astro-ph/9901102},
     year = 1999,
    month = aug,
   volume = 307,
    pages = {495-517},
      doi = {10.1046/j.1365-8711.1999.02616.x},
   adsurl = {http://adsabs.harvard.edu/abs/1999MNRAS.307..495H},
  adsnote = {Provided by the SAO/NASA Astrophys\bibliography{bibliography}
ics Data System}
}
@ARTICLE{dinescu;et-al_1999,
   author = {{Dinescu}, D.~I. and {Girard}, T.~M. and {van Altena}, W.~F.
	},
    title = "{Space Velocities of Globular Clusters. III. Cluster Orbits and Halo Substructure}",
  journal = {\aj},
 keywords = {GALAXY: HALO, GALAXY: STRUCTURE, GALAXY: GLOBULAR CLUSTERS: GENERAL},
     year = 1999,
    month = apr,
   volume = 117,
    pages = {1792-1815},
      doi = {10.1086/300807},
   adsurl = {http://adsabs.harvard.edu/abs/1999AJ....117.1792D},
  adsnote = {Provided by the SAO/NASA Astrophysics Data System}
}

@ARTICLE{nordstrom;et-al_2004,
   author = {{Nordstr{\"o}m}, B. and {Mayor}, M. and {Andersen}, J. and {Holmberg}, J. and 
	{Pont}, F. and {J{\o}rgensen}, B.~R. and {Olsen}, E.~H. and 
	{Udry}, S. and {Mowlavi}, N.},
    title = "{The Geneva-Copenhagen survey of the Solar neighbourhood. Ages, metallicities, and kinematic properties of {\tilde}14 000 F and G dwarfs}",
  journal = {\aap},
   eprint = {arXiv:astro-ph/0405198},
 keywords = {Galaxy: disk, Galaxy: solar neighbourhood, Galaxy: stellar content, Galaxy: kinematics and dynamics, Galaxy: evolution, stars: fundamental parameters},
     year = 2004,
    month = may,
   volume = 418,
    pages = {989-1019},
      doi = {10.1051/0004-6361:20035959},
   adsurl = {http://adsabs.harvard.edu/abs/2004A%26A...418..989N},
  adsnote = {Provided by the SAO/NASA Astrophysics Data System}
}

@ARTICLE{schonrich;et-al_2012,
   author = {{Sch{\"o}nrich}, R.},
    title = "{Galactic rotation and solar motion from stellar kinematics}",
  journal = {\mnras},
archivePrefix = "arXiv",
   eprint = {1207.3079},
 primaryClass = "astro-ph.GA",
 keywords = {stars: kinematics and dynamics, Galaxy: disc, Galaxy: fundamental parameters, Galaxy: halo, Galaxy: kinematics and dynamics, solar neighbourhood},
     year = 2012,
    month = nov,
   volume = 427,
    pages = {274-287},
      doi = {10.1111/j.1365-2966.2012.21631.x},
   adsurl = {http://adsabs.harvard.edu/abs/2012MNRAS.427..274S},
  adsnote = {Provided by the SAO/NASA Astrophysics Data System}
}

@ARTICLE{widrow;et-al_2012,
   author = {{Widrow}, L.~M. and {Gardner}, S. and {Yanny}, B. and {Dodelson}, S. and 
	{Chen}, H.-Y.},
    title = "{Galactoseismology: Discovery of Vertical Waves in the Galactic Disk}",
  journal = {\apjl},
archivePrefix = "arXiv",
   eprint = {1203.6861},
 primaryClass = "astro-ph.GA",
 keywords = {Galaxy: kinematics and dynamics, solar neighborhood},
     year = 2012,
    month = may,
   volume = 750,
      eid = {L41},
    pages = {L41},
      doi = {10.1088/2041-8205/750/2/L41},
   adsurl = {http://adsabs.harvard.edu/abs/2012ApJ...750L..41W},
  adsnote = {Provided by the SAO/NASA Astrophysics Data System}
}
@ARTICLE{gomez;et-al_2013,
   author = {{G{\'o}mez}, F.~A. and {Minchev}, I. and {O'Shea}, B.~W. and 
	{Beers}, T.~C. and {Bullock}, J.~S. and {Purcell}, C.~W.},
    title = "{Vertical density waves in the Milky Way disc induced by the Sagittarius dwarf galaxy}",
  journal = {\mnras},
archivePrefix = "arXiv",
   eprint = {1207.3083},
 primaryClass = "astro-ph.GA",
 keywords = {Galaxy: disc, Galaxy: structure, galaxies: formation, galaxies: kinematics and dynamics},
     year = 2013,
    month = feb,
   volume = 429,
    pages = {159-164},
      doi = {10.1093/mnras/sts327},
   adsurl = {http://adsabs.harvard.edu/abs/2013MNRAS.429..159G},
  adsnote = {Provided by the SAO/NASA Astrophysics Data System}
}
@ARTICLE{gomez;et-al_2012,
   author = {{G{\'o}mez}, F.~A. and {Minchev}, I. and {Villalobos}, {\'A}. and 
	{O'Shea}, B.~W. and {Williams}, M.~E.~K.},
    title = "{Signatures of minor mergers in Milky Way like disc kinematics: ringing revisited}",
  journal = {\mnras},
archivePrefix = "arXiv",
   eprint = {1105.4231},
 primaryClass = "astro-ph.GA",
 keywords = {methods: analytical, methods: numerical, galaxies: formation, galaxies: kinematics and dynamics},
     year = 2012,
    month = jan,
   volume = 419,
    pages = {2163-2172},
      doi = {10.1111/j.1365-2966.2011.19867.x},
   adsurl = {http://adsabs.harvard.edu/abs/2012MNRAS.419.2163G},
  adsnote = {Provided by the SAO/NASA Astrophysics Data System}
}
@ARTICLE{dehnen;et-al_1998,
   author = {{Dehnen}, W. and {Binney}, J.~J.},
    title = "{Local stellar kinematics from HIPPARCOS data}",
  journal = {\mnras},
   eprint = {arXiv:astro-ph/9710077},
 keywords = {STARS: KINEMATICS, GALAXY: FUNDAMENTAL PARAMETERS, GALAXY: KINEMATICS AND DYNAMICS, SOLAR NEIGHBOURHOOD, GALAXY: STRUCTURE},
     year = 1998,
    month = aug,
   volume = 298,
    pages = {387-394},
      doi = {10.1046/j.1365-8711.1998.01600.x},
   adsurl = {http://adsabs.harvard.edu/abs/1998MNRAS.298..387D},
  adsnote = {Provided by the SAO/NASA Astrophysics Data System}
}

@ARTICLE{martin;et-al_2004,
   author = {{Martin}, N.~F. and {Ibata}, R.~A. and {Bellazzini}, M. and 
	{Irwin}, M.~J. and {Lewis}, G.~F. and {Dehnen}, W.},
    title = "{A dwarf galaxy remnant in Canis Major: the fossil of an in-plane accretion on to the Milky Way}",
  journal = {\mnras},
   eprint = {arXiv:astro-ph/0311010},
 keywords = {Galaxy: formation, Galaxy: structure, galaxies: interactions},
     year = 2004,
    month = feb,
   volume = 348,
    pages = {12-23},
      doi = {10.1111/j.1365-2966.2004.07331.x},
   adsurl = {http://adsabs.harvard.edu/abs/2004MNRAS.348...12M},
  adsnote = {Provided by the SAO/NASA Astrophysics Data System}
}
@ARTICLE{momany;et-al_2004,
   author = {{Momany}, Y. and {Zaggia}, S.~R. and {Bonifacio}, P. and {Piotto}, G. and 
	{De Angeli}, F. and {Bedin}, L.~R. and {Carraro}, G.},
    title = "{Probing the Canis Major stellar over-density as due to the Galactic warp}",
  journal = {\aap},
   eprint = {arXiv:astro-ph/0405526},
 keywords = {astrometry, Galaxy: structure, Galaxy: formation, Galaxies: interactions},
     year = 2004,
    month = jul,
   volume = 421,
    pages = {L29-L32},
      doi = {10.1051/0004-6361:20040183},
   adsurl = {http://adsabs.harvard.edu/abs/2004A%26A...421L..29M},
  adsnote = {Provided by the SAO/NASA Astrophysics Data System}
}
@ARTICLE{bovy_2010,
   author = {{Bovy}, J.},
    title = "{Tracing the Hercules Stream Around the Galaxy}",
  journal = {\apj},
archivePrefix = "arXiv",
   eprint = {1006.0736},
 primaryClass = "astro-ph.GA",
 keywords = {Galaxy: bulge, Galaxy: disk, Galaxy: evolution, Galaxy: fundamental parameters, Galaxy: kinematics and dynamics, Galaxy: structure},
     year = 2010,
    month = dec,
   volume = 725,
    pages = {1676-1681},
      doi = {10.1088/0004-637X/725/2/1676},
   adsurl = {http://adsabs.harvard.edu/abs/2010ApJ...725.1676B},
  adsnote = {Provided by the SAO/NASA Astrophysics Data System}
}

@ARTICLE{skrutskie;et-al_2006,
   author = {{Skrutskie}, M.~F. and {Cutri}, R.~M. and {Stiening}, R. and 
	{Weinberg}, M.~D. and {Schneider}, S. and {Carpenter}, J.~M. and 
	{Beichman}, C. and {Capps}, R. and {Chester}, T. and {Elias}, J. and 
	{Huchra}, J. and {Liebert}, J. and {Lonsdale}, C. and {Monet}, D.~G. and 
	{Price}, S. and {Seitzer}, P. and {Jarrett}, T. and {Kirkpatrick}, J.~D. and 
	{Gizis}, J.~E. and {Howard}, E. and {Evans}, T. and {Fowler}, J. and 
	{Fullmer}, L. and {Hurt}, R. and {Light}, R. and {Kopan}, E.~L. and 
	{Marsh}, K.~A. and {McCallon}, H.~L. and {Tam}, R. and {Van Dyk}, S. and 
	{Wheelock}, S.},
    title = "{The Two Micron All Sky Survey (2MASS)}",
  journal = {\aj},
 keywords = {Catalogs, Infrared: General, Surveys},
     year = 2006,
    month = feb,
   volume = 131,
    pages = {1163-1183},
      doi = {10.1086/498708},
   adsurl = {http://adsabs.harvard.edu/abs/2006AJ....131.1163S},
  adsnote = {Provided by the SAO/NASA Astrophysics Data System}
}

@ARTICLE{hansen;et-al_2013,
   author = {{Hansen}, C.~J. and {Bergemann}, M. and {Cescutti}, G. and {Fran{\c c}ois}, P. and 
	{Arcones}, A. and {Karakas}, A.~I. and {Lind}, K. and {Chiappini}, C.
	},
    title = "{LTE or non-LTE, that is the question. The NLTE chemical evolution of strontium in extremely metal-poor stars}",
  journal = {\aap},
 keywords = {stars: abundances, Galaxy: evolution},
     year = 2013,
    month = mar,
   volume = 551,
      eid = {A57},
    pages = {A57},
      doi = {10.1051/0004-6361/201220584},
   adsurl = {http://adsabs.harvard.edu/abs/2013A%26A...551A..57H},
  adsnote = {Provided by the SAO/NASA Astrophysics Data System}
}


@ARTICLE{gomez;et-al_2012b,
   author = {{G{\'o}mez}, F.~A. and {Minchev}, I. and {O'Shea}, B.~W. and 
	{Lee}, Y.~S. and {Beers}, T.~C. and {An}, D. and {Bullock}, J.~S. and 
	{Purcell}, C.~W. and {Villalobos}, {\'A}.},
    title = "{Signatures of minor mergers in the Milky Way disc - I. The SEGUE stellar sample}",
  journal = {\mnras},
archivePrefix = "arXiv",
   eprint = {1201.5898},
 primaryClass = "astro-ph.GA",
 keywords = {methods: analytical, methods: data analysis, methods: numerical, Galaxy: disc, Galaxy: structure, galaxies: formation, galaxies: kinematics and dynamics},
     year = 2012,
    month = jul,
   volume = 423,
    pages = {3727-3739},
      doi = {10.1111/j.1365-2966.2012.21176.x},
   adsurl = {http://adsabs.harvard.edu/abs/2012MNRAS.423.3727G},
  adsnote = {Provided by the SAO/NASA Astrophysics Data System}
}

@ARTICLE{lopez-corredoira;et-al_2012,
   author = {{Lopez-Corredoira}, M. and {Moitinho}, A. and {Zaggia}, S. and 
	{Momany}, Y. and {Carraro}, G. and {Hammersley}, P.~L. and {Cabrera-Lavers}, A. and 
	{Vazquez}, R.~A.},
    title = "{Comments on the ''Monoceros'' affair}",
  journal = {ArXiv e-prints},
archivePrefix = "arXiv",
   eprint = {1207.2749},
 primaryClass = "astro-ph.GA",
 keywords = {Astrophysics - Galaxy Astrophysics},
     year = 2012,
    month = jul,
   adsurl = {http://adsabs.harvard.edu/abs/2012arXiv1207.2749L},
  adsnote = {Provided by the SAO/NASA Astrophysics Data System}
}

@ARTICLE{dehnen_2000,
   author = {{Dehnen}, W.},
    title = "{The Effect of the Outer Lindblad Resonance of the Galactic Bar on the Local Stellar Velocity Distribution}",
  journal = {\aj},
   eprint = {arXiv:astro-ph/9911161},
 keywords = {GALAXY: KINEMATICS AND DYNAMICS, GALAXY: STRUCTURE, GALAXY: SOLAR NEIGHBORHOOD},
     year = 2000,
    month = feb,
   volume = 119,
    pages = {800-812},
      doi = {10.1086/301226},
   adsurl = {http://adsabs.harvard.edu/abs/2000AJ....119..800D},
  adsnote = {Provided by the SAO/NASA Astrophysics Data System}
}

@ARTICLE{juric;et-al_2008,
   author = {{Juri{\'c}}, M. and {Ivezi{\'c}}, {\v Z}. and {Brooks}, A. and 
	{Lupton}, R.~H. and {Schlegel}, D. and {Finkbeiner}, D. and 
	{Padmanabhan}, N. and {Bond}, N. and {Sesar}, B. and {Rockosi}, C.~M. and 
	{Knapp}, G.~R. and {Gunn}, J.~E. and {Sumi}, T. and {Schneider}, D.~P. and 
	{Barentine}, J.~C. and {Brewington}, H.~J. and {Brinkmann}, J. and 
	{Fukugita}, M. and {Harvanek}, M. and {Kleinman}, S.~J. and 
	{Krzesinski}, J. and {Long}, D. and {Neilsen}, Jr., E.~H. and 
	{Nitta}, A. and {Snedden}, S.~A. and {York}, D.~G.},
    title = "{The Milky Way Tomography with SDSS. I. Stellar Number Density Distribution}",
  journal = {\apj},
   eprint = {arXiv:astro-ph/0510520},
 keywords = {Galaxy: Disk, Galaxy: Fundamental Parameters, Galaxy: Halo, Galaxy: Structure},
     year = 2008,
    month = feb,
   volume = 673,
    pages = {864-914},
      doi = {10.1086/523619},
   adsurl = {http://adsabs.harvard.edu/abs/2008ApJ...673..864J},
  adsnote = {Provided by the SAO/NASA Astrophysics Data System}
}

@ARTICLE{newberg;et-al_2002,
   author = {{Newberg}, H.~J. and {Yanny}, B. and {Rockosi}, C. and {Grebel}, E.~K. and 
	{Rix}, H.-W. and {Brinkmann}, J. and {Csabai}, I. and {Hennessy}, G. and 
	{Hindsley}, R.~B. and {Ibata}, R. and {Ivezi{\'c}}, Z. and {Lamb}, D. and 
	{Nash}, E.~T. and {Odenkirchen}, M. and {Rave}, H.~A. and {Schneider}, D.~P. and 
	{Smith}, J.~A. and {Stolte}, A. and {York}, D.~G.},
    title = "{The Ghost of Sagittarius and Lumps in the Halo of the Milky Way}",
  journal = {\apj},
   eprint = {arXiv:astro-ph/0111095},
 keywords = {Galaxy: Halo, Galaxy: Structure},
     year = 2002,
    month = apr,
   volume = 569,
    pages = {245-274},
      doi = {10.1086/338983},
   adsurl = {http://adsabs.harvard.edu/abs/2002ApJ...569..245N},
  adsnote = {Provided by the SAO/NASA Astrophysics Data System}
}

@ARTICLE{fux_2001,
   author = {{Fux}, R.},
    title = "{Order and chaos in the local disc stellar kinematics induced by the Galactic bar}",
  journal = {\aap},
   eprint = {arXiv:astro-ph/0105398},
 keywords = {GALAXY: KINEMATICS AND DYNAMICS, GALAXY: SOLAR NEIGHBOURHOOD, GALAXY: STRUCTURE, METHODS: NUMERICAL},
     year = 2001,
    month = jul,
   volume = 373,
    pages = {511-535},
      doi = {10.1051/0004-6361:20010561},
   adsurl = {http://adsabs.harvard.edu/abs/2001A%26A...373..511F},
  adsnote = {Provided by the SAO/NASA Astrophysics Data System}
}

@ARTICLE{bovy;hogg_2010,
   author = {{Bovy}, J. and {Hogg}, D.~W.},
    title = "{The Velocity Distribution of Nearby Stars from Hipparcos Data. II. The Nature of the Low-velocity Moving Groups}",
  journal = {\apj},
archivePrefix = "arXiv",
   eprint = {0912.3262},
 primaryClass = "astro-ph.GA",
 keywords = {Galaxy: fundamental parameters, Galaxy: kinematics and dynamics, Galaxy: structure, methods: statistical, solar neighborhood, stars: kinematics and dynamics},
     year = 2010,
    month = jul,
   volume = 717,
    pages = {617-639},
      doi = {10.1088/0004-637X/717/2/617},
   adsurl = {http://adsabs.harvard.edu/abs/2010ApJ...717..617B},
  adsnote = {Provided by the SAO/NASA Astrophysics Data System}
}

@ARTICLE{bensby;et-al_2007,
   author = {{Bensby}, T. and {Oey}, M.~S. and {Feltzing}, S. and {Gustafsson}, B.
	},
    title = "{Disentangling the Hercules Stream}",
  journal = {\apjl},
   eprint = {arXiv:astro-ph/0612658},
 keywords = {Galaxy: Disk, Galaxy: Evolution, Galaxy: Formation, Galaxy: Solar Neighborhood, Stars: Abundances, Stars: Kinematics},
     year = 2007,
    month = feb,
   volume = 655,
    pages = {L89-L92},
      doi = {10.1086/512014},
   adsurl = {http://adsabs.harvard.edu/abs/2007ApJ...655L..89B},
  adsnote = {Provided by the SAO/NASA Astrophysics Data System}
}

@ARTICLE{villalobos;helmi_2008,
   author = {{Villalobos}, {\'A}. and {Helmi}, A.},
    title = "{Simulations of minor mergers - I. General properties of thick discs}",
  journal = {\mnras},
 keywords = {Galaxy: disc , Galaxy: formation , Galaxy: kinematics and dynamics , galaxies: formation , galaxies: kinematics and dynamics , galaxies: structure},
     year = 2008,
    month = dec,
   volume = 391,
    pages = {1806-1827},
      doi = {10.1111/j.1365-2966.2008.13979.x},
   adsurl = {http://adsabs.harvard.edu/abs/2008MNRAS.391.1806V},
  adsnote = {Provided by the SAO/NASA Astrophysics Data System}
}

@ARTICLE{purcell;et-al_2011,
   author = {{Purcell}, C.~W. and {Bullock}, J.~S. and {Tollerud}, E.~J. and 
	{Rocha}, M. and {Chakrabarti}, S.},
    title = "{The Sagittarius impact as an architect of spirality and outer rings in the Milky Way}",
  journal = {\nat},
archivePrefix = "arXiv",
   eprint = {1109.2918},
 primaryClass = "astro-ph.GA",
     year = 2011,
    month = sep,
   volume = 477,
    pages = {301-303},
      doi = {10.1038/nature10417},
   adsurl = {http://adsabs.harvard.edu/abs/2011Natur.477..301P},
  adsnote = {Provided by the SAO/NASA Astrophysics Data System}
}

@ARTICLE{minchev;et-al_2009,
   author = {{Minchev}, I. and {Quillen}, A.~C. and {Williams}, M. and {Freeman}, K.~C. and 
	{Nordhaus}, J. and {Siebert}, A. and {Bienaym{\'e}}, O.},
    title = "{Is the Milky Way ringing? The hunt for high-velocity streams}",
  journal = {\mnras},
archivePrefix = "arXiv",
   eprint = {0902.1531},
 primaryClass = "astro-ph.GA",
 keywords = {stellar dynamics, Galaxy: evolution, Galaxy: kinematics and dynamicsn, solar neighbourhood, galaxies: evolution},
     year = 2009,
    month = jun,
   volume = 396,
    pages = {L56-L60},
      doi = {10.1111/j.1745-3933.2009.00661.x},
   adsurl = {http://adsabs.harvard.edu/abs/2009MNRAS.396L..56M},
  adsnote = {Provided by the SAO/NASA Astrophysics Data System}
}



@ARTICLE{navarro;et-al_1997,
   author = {{Navarro}, J.~F. and {Frenk}, C.~S. and {White}, S.~D.~M.},
    title = "{A Universal Density Profile from Hierarchical Clustering}",
  journal = {\apj},
   eprint = {arXiv:astro-ph/9611107},
 keywords = {COSMOLOGY: THEORY, COSMOLOGY: DARK MATTER, GALAXIES: HALOS, METHODS: NUMERICAL},
     year = 1997,
    month = dec,
   volume = 490,
    pages = {493},
      doi = {10.1086/304888},
   adsurl = {http://adsabs.harvard.edu/abs/1997ApJ...490..493N},
  adsnote = {Provided by the SAO/NASA Astrophysics Data System}
}

@ARTICLE{miyamoto;nagai_1975,
   author = {{Miyamoto}, M. and {Nagai}, R.},
    title = "{Three-dimensional models for the distribution of mass in galaxies}",
  journal = {\pasj},
 keywords = {ASTRONOMICAL MODELS, DENSITY DISTRIBUTION, GALACTIC STRUCTURE, MASS DISTRIBUTION, POTENTIAL THEORY, THREE DIMENSIONAL MODELS, FUNCTIONS (MATHEMATICS), GLOBULAR CLUSTERS, GRAVITATIONAL EFFECTS, MATHEMATICAL MODELS, MILKY WAY GALAXY},
     year = 1975,
   volume = 27,
    pages = {533-543},
   adsurl = {http://adsabs.harvard.edu/abs/1975PASJ...27..533M},
  adsnote = {Provided by the SAO/NASA Astrophysics Data System}
}


@ARTICLE{zwitter;et-al_2010,
   author = {{Zwitter}, T. and {Matijevi{\v c}}, G. and {Breddels}, M.~A. and 
	{Smith}, M.~C. and {Helmi}, A. and {Munari}, U. and {Bienaym{\'e}}, O. and 
	{Binney}, J. and {Bland-Hawthorn}, J. and {Boeche}, C. and {Brown}, A.~G.~A. and 
	{Campbell}, R. and {Freeman}, K.~C. and {Fulbright}, J. and 
	{Gibson}, B. and {Gilmore}, G. and {Grebel}, E.~K. and {Navarro}, J.~F. and 
	{Parker}, Q.~A. and {Seabroke}, G.~M. and {Siebert}, A. and 
	{Siviero}, A. and {Steinmetz}, M. and {Watson}, F.~G. and {Williams}, M. and 
	{Wyse}, R.~F.~G.},
    title = "{Distance determination for RAVE stars using stellar models . II. Most likely values assuming a standard stellar evolution scenario}",
  journal = {\aap},
archivePrefix = "arXiv",
   eprint = {1007.4411},
 primaryClass = "astro-ph.SR",
 keywords = {stars: distances, catalogs, surveys, Galaxy: structure, Galaxy: stellar content, stars: statistics},
     year = 2010,
    month = nov,
   volume = 522,
      eid = {A54},
    pages = {A54},
      doi = {10.1051/0004-6361/201014922},
   adsurl = {http://adsabs.harvard.edu/abs/2010A%26A...522A..54Z},
  adsnote = {Provided by the SAO/NASA Astrophysics Data System}
}

@ARTICLE{dotter;et-al_2008,
   author = {{Dotter}, A. and {Chaboyer}, B. and {Jevremovi{\'c}}, D. and 
	{Kostov}, V. and {Baron}, E. and {Ferguson}, J.~W.},
    title = "{The Dartmouth Stellar Evolution Database}",
  journal = {\apjs},
archivePrefix = "arXiv",
   eprint = {0804.4473},
 keywords = {Galaxy: Globular Clusters: General, Galaxy: Open Clusters and Associations: General, Stars: Evolution},
     year = 2008,
    month = sep,
   volume = 178,
    pages = {89-101},
      doi = {10.1086/589654},
   adsurl = {http://adsabs.harvard.edu/abs/2008ApJS..178...89D},
  adsnote = {Provided by the SAO/NASA Astrophysics Data System}
}

@ARTICLE{nissen;schuster_2010,
   author = {{Nissen}, P.~E. and {Schuster}, W.~J.},
    title = "{Two distinct halo populations in the solar neighborhood. Evidence from stellar abundance ratios and kinematics}",
  journal = {\aap},
archivePrefix = "arXiv",
   eprint = {1002.4514},
 primaryClass = "astro-ph.GA",
 keywords = {stars: abundances, stars: kinematics and dynamics, Galaxy: halo, Galaxy: formation},
     year = 2010,
    month = feb,
   volume = 511,
      eid = {L10},
    pages = {L10},
      doi = {10.1051/0004-6361/200913877},
   adsurl = {http://adsabs.harvard.edu/abs/2010A%26A...511L..10N},
  adsnote = {Provided by the SAO/NASA Astrophysics Data System}
}


@ARTICLE{breddels;et-al_2010,
   author = {{Breddels}, M.~A. and {Smith}, M.~C. and {Helmi}, A. and {Bienaym{\'e}}, O. and 
	{Binney}, J. and {Bland-Hawthorn}, J. and {Boeche}, C. and {Burnett}, B.~C.~M. and 
	{Campbell}, R. and {Freeman}, K.~C. and {Gibson}, B. and {Gilmore}, G. and 
	{Grebel}, E.~K. and {Munari}, U. and {Navarro}, J.~F. and {Parker}, Q.~A. and 
	{Seabroke}, G.~M. and {Siebert}, A. and {Siviero}, A. and {Steinmetz}, M. and 
	{Watson}, F.~G. and {Williams}, M. and {Wyse}, R.~F.~G. and 
	{Zwitter}, T.},
    title = "{Distance determination for RAVE stars using stellar models}",
  journal = {\aap},
archivePrefix = "arXiv",
   eprint = {1003.0758},
 primaryClass = "astro-ph.GA",
 keywords = {methods: numerical, methods: statistical, stars: distances, Galaxy: kinematics and dynamics, Galaxy: structure},
     year = 2010,
    month = feb,
   volume = 511,
      eid = {A90},
    pages = {A90},
      doi = {10.1051/0004-6361/200912471},
   adsurl = {http://adsabs.harvard.edu/abs/2010A%26A...511A..90B},
  adsnote = {Provided by the SAO/NASA Astrophysics Data System}
}

@ARTICLE{burnett_binney_2010,
   author = {{Burnett}, B. and {Binney}, J.},
    title = "{Stellar distances from spectroscopic observations: a new technique}",
  journal = {\mnras},
archivePrefix = "arXiv",
   eprint = {1004.4367},
 primaryClass = "astro-ph.IM",
 keywords = {methods: numerical, methods: statistical, techniques: photometric, techniques: spectroscopic, astrometry, stars: distances},
     year = 2010,
    month = sep,
   volume = 407,
    pages = {339-354},
      doi = {10.1111/j.1365-2966.2010.16896.x},
   adsurl = {http://adsabs.harvard.edu/abs/2010MNRAS.407..339B},
  adsnote = {Provided by the SAO/NASA Astrophysics Data System}
}


@ARTICLE{lawler;et-al_2001,
   author = {{Lawler}, J.~E. and {Bonvallet}, G. and {Sneden}, C.},
    title = "{Experimental Radiative Lifetimes, Branching Fractions, and Oscillator Strengths for La II and a New Determination of the Solar Lanthanum Abundance}",
  journal = {\apj},
 keywords = {Subject headings: Atomic Data, Sun: Abundances},
     year = 2001,
    month = jul,
   volume = 556,
    pages = {452-460},
      doi = {10.1086/321549},
   adsurl = {http://adsabs.harvard.edu/abs/2001ApJ...556..452L},
  adsnote = {Provided by the SAO/NASA Astrophysics Data System}
}

@ARTICLE{travaglio;et-al_2004,
   author = {{Travaglio}, C. and {Gallino}, R. and {Arnone}, E. and {Cowan}, J. and 
	{Jordan}, F. and {Sneden}, C.},
    title = "{Galactic Evolution of Sr, Y, And Zr: A Multiplicity of Nucleosynthetic Processes}",
  journal = {\apj},
   eprint = {arXiv:astro-ph/0310189},
 keywords = {Galaxy: Abundances, Galaxy: Evolution, Nuclear Reactions, Nucleosynthesis, Abundances, Stars: Abundances, Stars: AGB and Post-AGB},
     year = 2004,
    month = feb,
   volume = 601,
    pages = {864-884},
      doi = {10.1086/380507},
   adsurl = {http://adsabs.harvard.edu/abs/2004ApJ...601..864T},
  adsnote = {Provided by the SAO/NASA Astrophysics Data System}
}


@ARTICLE{arnett;truran_1969,
   author = {{Arnett}, W.~D. and {Truran}, J.~W.},
    title = "{Carbon-Burning Nucleosynthesis at Constant Temperature}",
  journal = {\apj},
     year = 1969,
    month = jul,
   volume = 157,
    pages = {339},
      doi = {10.1086/150072},
   adsurl = {http://adsabs.harvard.edu/abs/1969ApJ...157..339A},
  adsnote = {Provided by the SAO/NASA Astrophysics Data System}
}

@ARTICLE{steinmetz;et-al_2006,
   author = {{Steinmetz}, M. and {Zwitter}, T. and {Siebert}, A. and {Watson}, F.~G. and 
	{Freeman}, K.~C. and {Munari}, U. and {Campbell}, R. and {Williams}, M. and 
	{Seabroke}, G.~M. and {Wyse}, R.~F.~G. and {Parker}, Q.~A. and 
	{Bienaym{\'e}}, O. and {Roeser}, S. and {Gibson}, B.~K. and 
	{Gilmore}, G. and {Grebel}, E.~K. and {Helmi}, A. and {Navarro}, J.~F. and 
	{Burton}, D. and {Cass}, C.~J.~P. and {Dawe}, J.~A. and {Fiegert}, K. and 
	{Hartley}, M. and {Russell}, K.~S. and {Saunders}, W. and {Enke}, H. and 
	{Bailin}, J. and {Binney}, J. and {Bland-Hawthorn}, J. and {Boeche}, C. and 
	{Dehnen}, W. and {Eisenstein}, D.~J. and {Evans}, N.~W. and 
	{Fiorucci}, M. and {Fulbright}, J.~P. and {Gerhard}, O. and 
	{Jauregi}, U. and {Kelz}, A. and {Mijovi{\'c}}, L. and {Minchev}, I. and 
	{Parmentier}, G. and {Pe{\~n}arrubia}, J. and {Quillen}, A.~C. and 
	{Read}, M.~A. and {Ruchti}, G. and {Scholz}, R.-D. and {Siviero}, A. and 
	{Smith}, M.~C. and {Sordo}, R. and {Veltz}, L. and {Vidrih}, S. and 
	{von Berlepsch}, R. and {Boyle}, B.~J. and {Schilbach}, E.},
    title = "{The Radial Velocity Experiment (RAVE): First Data Release}",
  journal = {\aj},
   eprint = {arXiv:astro-ph/0606211},
 keywords = {Catalogs, Stars: Fundamental Parameters, Surveys},
     year = 2006,
    month = oct,
   volume = 132,
    pages = {1645-1668},
      doi = {10.1086/506564},
   adsurl = {http://adsabs.harvard.edu/abs/2006AJ....132.1645S},
  adsnote = {Provided by the SAO/NASA Astrophysics Data System}
}

@ARTICLE{zwitter;et-al_2008,
   author = {{Zwitter}, T. and {Siebert}, A. and {Munari}, U. and {Freeman}, K.~C. and 
	{Siviero}, A. and {Watson}, F.~G. and {Fulbright}, J.~P. and 
	{Wyse}, R.~F.~G. and {Campbell}, R. and {Seabroke}, G.~M. and 
	{Williams}, M. and {Steinmetz}, M. and {Bienaym{\'e}}, O. and 
	{Gilmore}, G. and {Grebel}, E.~K. and {Helmi}, A. and {Navarro}, J.~F. and 
	{Anguiano}, B. and {Boeche}, C. and {Burton}, D. and {Cass}, P. and 
	{Dawe}, J. and {Fiegert}, K. and {Hartley}, M. and {Russell}, K. and 
	{Veltz}, L. and {Bailin}, J. and {Binney}, J. and {Bland-Hawthorn}, J. and 
	{Brown}, A. and {Dehnen}, W. and {Evans}, N.~W. and {Re Fiorentin}, P. and 
	{Fiorucci}, M. and {Gerhard}, O. and {Gibson}, B. and {Kelz}, A. and 
	{Kujken}, K. and {Matijevi{\v c}}, G. and {Minchev}, I. and 
	{Parker}, Q.~A. and {Pe{\~n}arrubia}, J. and {Quillen}, A. and 
	{Read}, M.~A. and {Reid}, W. and {Roeser}, S. and {Ruchti}, G. and 
	{Scholz}, R.-D. and {Smith}, M.~C. and {Sordo}, R. and {Tolstoi}, E. and 
	{Tomasella}, L. and {Vidrih}, S. and {Wylie-de Boer}, E.},
    title = "{The Radial Velocity Experiment (rave): Second Data Release}",
  journal = {\aj},
archivePrefix = "arXiv",
   eprint = {0806.0546},
 keywords = {catalogs, stars: fundamental parameters, surveys},
     year = 2008,
    month = jul,
   volume = 136,
    pages = {421-451},
      doi = {10.1088/0004-6256/136/1/421},
   adsurl = {http://adsabs.harvard.edu/abs/2008AJ....136..421Z},
  adsnote = {Provided by the SAO/NASA Astrophysics Data System}
}

@article{Barber;et-al_1996,
  title={The quickhull algorithm for convex hulls},
  author={Barber, C.B. and Dobkin, D.P. and Huhdanpaa, H.},
  journal={ACM Transactions on Mathematical Software (TOMS)},
  volume={22},
  number={4},
  pages={469--483},
  year={1996},
  publisher={ACM}
}

@ARTICLE{nissen;schuster_1997,
   author = {{Nissen}, P.~E. and {Schuster}, W.~J.},
    title = "{Chemical composition of halo and disk stars with overlapping metallicities.}",
  journal = {\aap},
 keywords = {STARS: ABUNDANCES, POPULATION II, GALAXY: ABUNDANCES, GALAXY: EVOLUTION, GALAXY: HALO},
     year = 1997,
    month = oct,
   volume = 326,
    pages = {751-762},
   adsurl = {http://adsabs.harvard.edu/abs/1997A%26A...326..751N},
  adsnote = {Provided by the SAO/NASA Astrophysics Data System}
}
@ARTICLE{munari;et-al_2005,
   author = {{Munari}, U. and {Sordo}, R. and {Castelli}, F. and {Zwitter}, T.
	},
    title = "{An extensive library of 2500 10 500 {\AA} synthetic spectra}",
  journal = {\aap},
   eprint = {arXiv:astro-ph/0502047},
 keywords = {astronomical data bases: miscellaneous, stars: atmospheres, stars: fundamental parameters, surveys},
     year = 2005,
    month = nov,
   volume = 442,
    pages = {1127-1134},
      doi = {10.1051/0004-6361:20042490},
   adsurl = {http://adsabs.harvard.edu/abs/2005A%26A...442.1127M},
  adsnote = {Provided by the SAO/NASA Astrophysics Data System}
}


@ARTICLE{schlegel;et-al_1998,
   author = {{Schlegel}, D.~J. and {Finkbeiner}, D.~P. and {Davis}, M.},
    title = "{Maps of Dust Infrared Emission for Use in Estimation of Reddening and Cosmic Microwave Background Radiation Foregrounds}",
  journal = {\apj},
   eprint = {arXiv:astro-ph/9710327},
 keywords = {COSMOLOGY: DIFFUSE RADIATION, COSMOLOGY: COSMIC MICROWAVE BACKGROUND, ISM: DUST, EXTINCTION, INTERPLANETARY MEDIUM, INFRARED: ISM: CONTINUUM},
     year = 1998,
    month = jun,
   volume = 500,
    pages = {525},
      doi = {10.1086/305772},
   adsurl = {http://adsabs.harvard.edu/abs/1998ApJ...500..525S},
  adsnote = {Provided by the SAO/NASA Astrophysics Data System}
}


@INPROCEEDINGS{castelli;kurucz_2003,
   author = {{Castelli}, F. and {Kurucz}, R.~L.},
    title = "{New Grids of ATLAS9 Model Atmospheres}",
booktitle = {Modelling of Stellar Atmospheres},
     year = 2003,
   series = {IAU Symposium},
   volume = 210,
   editor = {{Piskunov}, N. and {Weiss}, W.~W. and {Gray}, D.~F.},
    pages = {20P},
   adsurl = {http://adsabs.harvard.edu/abs/2003IAUS..210P.A20C},
  adsnote = {Provided by the SAO/NASA Astrophysics Data System}
}


@ARTICLE{nissen;schuster_2011,
   author = {{Nissen}, P.~E. and {Schuster}, W.~J.},
    title = "{Two distinct halo populations in the solar neighborhood. II. Evidence from stellar abundances of Mn, Cu, Zn, Y, and Ba}",
  journal = {\aap},
archivePrefix = "arXiv",
   eprint = {1103.4755},
 primaryClass = "astro-ph.GA",
 keywords = {stars: atmospheres, stars: abundances, Galaxy: abundances, Galaxy: halo, Galaxy: formation},
     year = 2011,
    month = jun,
   volume = 530,
      eid = {A15},
    pages = {A15},
      doi = {10.1051/0004-6361/201116619},
   adsurl = {http://adsabs.harvard.edu/abs/2011A%26A...530A..15N},
  adsnote = {Provided by the SAO/NASA Astrophysics Data System}
}


@ARTICLE{sharma;et-al_2011,
   author = {{Sharma}, S. and {Bland-Hawthorn}, J. and {Johnston}, K.~V. and 
	{Binney}, J.},
    title = "{Galaxia: A Code to Generate a Synthetic Survey of the Milky Way}",
  journal = {\apj},
archivePrefix = "arXiv",
   eprint = {1101.3561},
 primaryClass = "astro-ph.GA",
 keywords = {Galaxy: stellar content, Galaxy: structure, methods: data analysis, methods: numerical},
     year = 2011,
    month = mar,
   volume = 730,
      eid = {3},
    pages = {3},
      doi = {10.1088/0004-637X/730/1/3},
   adsurl = {http://adsabs.harvard.edu/abs/2011ApJ...730....3S},
  adsnote = {Provided by the SAO/NASA Astrophysics Data System}
}

@ARTICLE{robin;et-al_2003,
   author = {{Robin}, A.~C. and {Reyl{\'e}}, C. and {Derri{\`e}re}, S. and 
	{Picaud}, S.},
    title = "{A synthetic view on structure and evolution of the Milky Way}",
  journal = {\aap},
 keywords = {Galaxy: stellar content, Galaxy: general, Galaxy: evolution, Galaxy: kinematics and dynamics, Galaxy: structure},
     year = 2003,
    month = oct,
   volume = 409,
    pages = {523-540},
      doi = {10.1051/0004-6361:20031117},
   adsurl = {http://adsabs.harvard.edu/abs/2003A%26A...409..523R},
  adsnote = {Provided by the SAO/NASA Astrophysics Data System}
}


@ARTICLE{decressin;et-al_2007,
   author = {{Decressin}, T. and {Charbonnel}, C. and {Meynet}, G.},
    title = "{Origin of the abundance patterns in Galactic globular clusters: constraints on dynamical and chemical properties of globular clusters}",
  journal = {\aap},
archivePrefix = "arXiv",
   eprint = {0709.4160},
 keywords = {globular clusters: general, globular clusters: individual: NGC 6752, stars: abundances, stars: luminosity function, mass function, stars: mass-loss, stars: rotation},
     year = 2007,
    month = dec,
   volume = 475,
    pages = {859-873},
      doi = {10.1051/0004-6361:20078425},
   adsurl = {http://adsabs.harvard.edu/abs/2007A%26A...475..859D},
  adsnote = {Provided by the SAO/NASA Astrophysics Data System}
}


@ARTICLE{williams;et-al_2011,
   author = {{Williams}, M.~E.~K. and {Steinmetz}, M. and {Sharma}, S. and 
	{Bland-Hawthorn}, J. and {de Jong}, R.~S. and {Seabroke}, G.~M. and 
	{Helmi}, A. and {Freeman}, K.~C. and {Binney}, J. and {Minchev}, I. and 
	{Bienaym{\'e}}, O. and {Campbell}, R. and {Fulbright}, J.~P. and 
	{Gibson}, B.~K. and {Gilmore}, G.~F. and {Grebel}, E.~K. and 
	{Munari}, U. and {Navarro}, J.~F. and {Parker}, Q.~A. and {Reid}, W. and 
	{Siebert}, A. and {Siviero}, A. and {Watson}, F.~G. and {Wyse}, R.~F.~G. and 
	{Zwitter}, T.},
    title = "{The Dawning of the Stream of Aquarius in RAVE}",
  journal = {\apj},
archivePrefix = "arXiv",
   eprint = {1012.2127},
 primaryClass = "astro-ph.GA",
 keywords = {Galaxy: halo, Galaxy: kinematics and dynamics, solar neighborhood},
     year = 2011,
    month = feb,
   volume = 728,
      eid = {102},
    pages = {102},
      doi = {10.1088/0004-637X/728/2/102},
   adsurl = {http://adsabs.harvard.edu/abs/2011ApJ...728..102W},
  adsnote = {Provided by the SAO/NASA Astrophysics Data System}
}

@ARTICLE{siebert;et-al_2011,
   author = {{Siebert}, A. and {Williams}, M.~E.~K. and {Siviero}, A. and 
	{Reid}, W. and {Boeche}, C. and {Steinmetz}, M. and {Fulbright}, J. and 
	{Munari}, U. and {Zwitter}, T. and {Watson}, F.~G. and {Wyse}, R.~F.~G. and 
	{de Jong}, R.~S. and {Enke}, H. and {Anguiano}, B. and {Burton}, D. and 
	{Cass}, C.~J.~P. and {Fiegert}, K. and {Hartley}, M. and {Ritter}, A. and 
	{Russel}, K.~S. and {Stupar}, M. and {Bienaym{\'e}}, O. and 
	{Freeman}, K.~C. and {Gilmore}, G. and {Grebel}, E.~K. and {Helmi}, A. and 
	{Navarro}, J.~F. and {Binney}, J. and {Bland-Hawthorn}, J. and 
	{Campbell}, R. and {Famaey}, B. and {Gerhard}, O. and {Gibson}, B.~K. and 
	{Matijevi{\v c}}, G. and {Parker}, Q.~A. and {Seabroke}, G.~M. and 
	{Sharma}, S. and {Smith}, M.~C. and {Wylie-de Boer}, E.},
    title = "{The RAdial Velocity Experiment (RAVE): Third Data Release}",
  journal = {\aj},
archivePrefix = "arXiv",
   eprint = {1104.3576},
 primaryClass = "astro-ph.GA",
 keywords = {catalogs, stars: fundamental parameters, surveys},
     year = 2011,
    month = jun,
   volume = 141,
      eid = {187},
    pages = {187},
      doi = {10.1088/0004-6256/141/6/187},
   adsurl = {http://adsabs.harvard.edu/abs/2011AJ....141..187S},
  adsnote = {Provided by the SAO/NASA Astrophysics Data System}
}

@ARTICLE{wylie-de-boer;et-al_2012,
   author = {{Wylie-de Boer}, E. and {Freeman}, K. and {Williams}, M. and 
	{Steinmetz}, M. and {Munari}, U. and {Keller}, S.},
    title = "{Tracing the Origin of the Aquarius Stream. I}",
  journal = {\apj},
archivePrefix = "arXiv",
   eprint = {1206.0784},
 primaryClass = "astro-ph.GA",
 keywords = {Galaxy: abundances, Galaxy: evolution, Galaxy: stellar content},
     year = 2012,
    month = aug,
   volume = 755,
      eid = {35},
    pages = {35},
      doi = {10.1088/0004-637X/755/1/35},
   adsurl = {http://adsabs.harvard.edu/abs/2012ApJ...755...35W},
  adsnote = {Provided by the SAO/NASA Astrophysics Data System}
}

@INPROCEEDINGS{bernstein;et-al_2003,
   author = {{Bernstein}, R. and {Shectman}, S.~A. and {Gunnels}, S.~M. and 
	{Mochnacki}, S. and {Athey}, A.~E.},
    title = "{MIKE: A Double Echelle Spectrograph for the Magellan Telescopes at Las Campanas Observatory}",
booktitle = {Society of Photo-Optical Instrumentation Engineers (SPIE) Conference Series},
     year = 2003,
   series = {Society of Photo-Optical Instrumentation Engineers (SPIE) Conference Series},
   volume = 4841,
   editor = {{Iye}, M. and {Moorwood}, A.~F.~M.},
    month = mar,
    pages = {1694-1704},
      doi = {10.1117/12.461502},
   adsurl = {http://adsabs.harvard.edu/abs/2003SPIE.4841.1694B},
  adsnote = {Provided by the SAO/NASA Astrophysics Data System}
}

@ARTICLE{yong;et-al_2005,
   author = {{Yong}, D. and {Carney}, B.~W. and {Teixera de Almeida}, M.~L.
	},
    title = "{Elemental Abundance Ratios in Stars of the Outer Galactic Disk. I. Open Clusters}",
  journal = {\aj},
   eprint = {arXiv:astro-ph/0504193},
 keywords = {Galaxy: Abundances, Galaxy: Disk, Galaxy: Open Clusters and Associations: General},
     year = 2005,
    month = aug,
   volume = 130,
    pages = {597-625},
      doi = {10.1086/430934},
   adsurl = {http://adsabs.harvard.edu/abs/2005AJ....130..597Y},
  adsnote = {Provided by the SAO/NASA Astrophysics Data System}
}

@ARTICLE{frebel;et-al_2010,
   author = {{Frebel}, A. and {Simon}, J.~D. and {Geha}, M. and {Willman}, B.
	},
    title = "{High-Resolution Spectroscopy of Extremely Metal-Poor Stars in the Least Evolved Galaxies: Ursa Major II and Coma Berenices}",
  journal = {\apj},
archivePrefix = "arXiv",
   eprint = {0902.2395},
 primaryClass = "astro-ph.GA",
 keywords = {early universe, galaxies: dwarf, Galaxy: halo, Local Group, stars: abundances, stars: Population II},
     year = 2010,
    month = jan,
   volume = 708,
    pages = {560-583},
      doi = {10.1088/0004-637X/708/1/560},
   adsurl = {http://adsabs.harvard.edu/abs/2010ApJ...708..560F},
  adsnote = {Provided by the SAO/NASA Astrophysics Data System}
}

@ARTICLE{norris;et-al_1996,
   author = {{Norris}, J.~E. and {Ryan}, S.~G. and {Beers}, T.~C.},
    title = "{Extremely Metal-poor Stars. I. Spectroscopic Data}",
  journal = {\apjs},
 keywords = {NUCLEAR REACTIONS, NUCLEOSYNTHESIS, ABUNDANCES, STARS: ABUNDANCES, STARS: POPULATION II},
     year = 1996,
    month = nov,
   volume = 107,
    pages = {391},
      doi = {10.1086/192368},
   adsurl = {http://adsabs.harvard.edu/abs/1996ApJS..107..391N},
  adsnote = {Provided by the SAO/NASA Astrophysics Data System}
}

@PHDTHESIS{sneden;et-al_1973,
   author = {{Sneden}, C.~A.},
    title = "{Carbon and Nitrogen Abundances in Metal-Poor Stars.}",
   school = {The University of Texas at Austin.},
     year = 1973,
   adsurl = {http://adsabs.harvard.edu/abs/1973PhDT.......180S},
  adsnote = {Provided by the SAO/NASA Astrophysics Data System}
}

@ARTICLE{sobeck;et-al_2011,
   author = {{Sobeck}, J.~S. and {Kraft}, R.~P. and {Sneden}, C. and {Preston}, G.~W. and 
	{Cowan}, J.~J. and {Smith}, G.~H. and {Thompson}, I.~B. and 
	{Shectman}, S.~A. and {Burley}, G.~S.},
    title = "{The Abundances of Neutron-capture Species in the Very Metal-poor Globular Cluster M15: A Uniform Analysis of Red Giant Branch and Red Horizontal Branch Stars}",
  journal = {\aj},
archivePrefix = "arXiv",
   eprint = {1103.1008},
 primaryClass = "astro-ph.SR",
 keywords = {globular clusters: individual: M15, radiative transfer, stars: abundances, stars: horizontal-branch, stars: late-type},
     year = 2011,
    month = jun,
   volume = 141,
      eid = {175},
    pages = {175},
      doi = {10.1088/0004-6256/141/6/175},
   adsurl = {http://adsabs.harvard.edu/abs/2011AJ....141..175S},
  adsnote = {Provided by the SAO/NASA Astrophysics Data System}
}

@ARTICLE{asplund;et-al_2009,
   author = {{Asplund}, M. and {Grevesse}, N. and {Sauval}, A.~J. and {Scott}, P.
	},
    title = "{The Chemical Composition of the Sun}",
  journal = {\araa},
archivePrefix = "arXiv",
   eprint = {0909.0948},
 primaryClass = "astro-ph.SR",
     year = 2009,
    month = sep,
   volume = 47,
    pages = {481-522},
      doi = {10.1146/annurev.astro.46.060407.145222},
   adsurl = {http://adsabs.harvard.edu/abs/2009ARA%26A..47..481A},
  adsnote = {Provided by the SAO/NASA Astrophysics Data System}
}

@ARTICLE{woosley;weaver_1995,
   author = {{Woosley}, S.~E. and {Weaver}, T.~A.},
    title = "{The Evolution and Explosion of Massive Stars. II. Explosive Hydrodynamics and Nucleosynthesis}",
  journal = {\apjs},
 keywords = {HYDRODYNAMICS, NUCLEAR REACTIONS, NUCLEOSYNTHESIS, ABUNDANCES, STARS: EVOLUTION, STARS: INTERIORS, STARS: SUPERNOVAE: GENERAL},
     year = 1995,
    month = nov,
   volume = 101,
    pages = {181},
      doi = {10.1086/192237},
   adsurl = {http://adsabs.harvard.edu/abs/1995ApJS..101..181W},
  adsnote = {Provided by the SAO/NASA Astrophysics Data System}
}

@ARTICLE{carretta;et-al_2009a,
   author = {{Carretta}, E. and {Bragaglia}, A. and {Gratton}, R.~G. and 
	{Lucatello}, S. and {Catanzaro}, G. and {Leone}, F. and {Bellazzini}, M. and 
	{Claudi}, R. and {D'Orazi}, V. and {Momany}, Y. and {Ortolani}, S. and 
	{Pancino}, E. and {Piotto}, G. and {Recio-Blanco}, A. and {Sabbi}, E.
	},
    title = "{Na-O anticorrelation and HB. VII. The chemical composition of first and second-generation stars in 15 globular clusters from GIRAFFE spectra}",
  journal = {\aap},
archivePrefix = "arXiv",
   eprint = {0909.2938},
 primaryClass = "astro-ph.GA",
 keywords = {stars: abundances, stars: atmospheres, stars: population II, globular clusters: general},
     year = 2009,
    month = oct,
   volume = 505,
    pages = {117-138},
      doi = {10.1051/0004-6361/200912096},
   adsurl = {http://adsabs.harvard.edu/abs/2009A%26A...505..117C},
  adsnote = {Provided by the SAO/NASA Astrophysics Data System}
}

@ARTICLE{norris;da_costa_1995,
   author = {{Norris}, J.~E. and {Da Costa}, G.~S.},
    title = "{The sodium/aluminum-oxygen anticorrelation in omega Centauri and other clusters}",
  journal = {\apjl},
 keywords = {ABUNDANCE, GLOBULAR CLUSTERS, NUCLEAR FUSION, RED GIANT STARS, STELLAR COMPOSITION, ALUMINUM, CORRELATION, OXYGEN, SODIUM},
     year = 1995,
    month = mar,
   volume = 441,
    pages = {L81-L84},
      doi = {10.1086/187795},
   adsurl = {http://adsabs.harvard.edu/abs/1995ApJ...441L..81N},
  adsnote = {Provided by the SAO/NASA Astrophysics Data System}
}

@ARTICLE{drake;et-al_2013,
   author = {{Drake}, A.~J. and {Catelan}, M. and {Djorgovski}, S.~G. and 
	{Torrealba}, G. and {Graham}, M.~J. and {Mahabal}, A.~A. and 
	{Prieto}, J.~L. and {Donalek}, C. and {Williams}, R. and {Larson}, S. and 
	{Christensen}, E. and {Beshore}, E.},
    title = "{Evidence for a Milky Way Tidal Stream Reaching Beyond 100 kpc}",
  journal = {ArXiv e-prints},
archivePrefix = "arXiv",
   eprint = {1301.6168},
 primaryClass = "astro-ph.GA",
 keywords = {Astrophysics - Galaxy Astrophysics},
     year = 2013,
    month = jan,
   adsurl = {http://adsabs.harvard.edu/abs/2013arXiv1301.6168D},
  adsnote = {Provided by the SAO/NASA Astrophysics Data System}
}

@ARTICLE{allende-prieto;et-al_2001,
   author = {{Allende Prieto}, C. and {Lambert}, D.~L. and {Asplund}, M.},
    title = "{The Forbidden Abundance of Oxygen in the Sun}",
  journal = {\apjl},
   eprint = {arXiv:astro-ph/0106360},
 keywords = {Sun: Abundances, Sun: Photosphere},
     year = 2001,
    month = jul,
   volume = 556,
    pages = {L63-L66},
      doi = {10.1086/322874},
   adsurl = {http://adsabs.harvard.edu/abs/2001ApJ...556L..63A},
  adsnote = {Provided by the SAO/NASA Astrophysics Data System}
}


@ARTICLE{perez;et-al_2006,
   author = {{Garc{\'{\i}}a P{\'e}rez}, A.~E. and {Asplund}, M. and {Primas}, F. and 
	{Nissen}, P.~E. and {Gustafsson}, B.},
    title = "{Oxygen abundances in metal-poor subgiants as determined from [O I], O I and OH lines}",
  journal = {\aap},
   eprint = {arXiv:astro-ph/0512290},
 keywords = {line: formation, stars: abundances, stars: atmospheres, stars: population II, Galaxy: evolution},
     year = 2006,
    month = may,
   volume = 451,
    pages = {621-642},
      doi = {10.1051/0004-6361:20053181},
   adsurl = {http://adsabs.harvard.edu/abs/2006A%26A...451..621G},
  adsnote = {Provided by the SAO/NASA Astrophysics Data System}
}


@INPROCEEDINGS{hinkle;et-al_2003,
   author = {{Hinkle}, K. and {Wallace}, L. and {Livingston}, W. and {Ayres}, T. and 
	{Harmer}, D. and {Valenti}, J.},
    title = "{High Resolution Infrared, Visible and Ultraviolet Spectral Atlases of the Sun and Arcturus}",
 keywords = {{$\alpha$} Cen},
booktitle = {The Future of Cool-Star Astrophysics: 12th Cambridge Workshop on Cool Stars, Stellar Systems, and the Sun},
     year = 2003,
   volume = 12,
   editor = {{Brown}, A. and {Harper}, G.~M. and {Ayres}, T.~R.},
    month = oct,
    pages = {851-856},
   adsurl = {http://adsabs.harvard.edu/abs/2003csss...12..851H},
  adsnote = {Provided by the SAO/NASA Astrophysics Data System}
}

@ARTICLE{de_mink;et-al_2009,
   author = {{de Mink}, S.~E. and {Pols}, O.~R. and {Langer}, N. and {Izzard}, R.~G.
	},
    title = "{Massive binaries as the source of abundance anomalies in globular clusters}",
  journal = {\aap},
archivePrefix = "arXiv",
   eprint = {0910.1086},
 primaryClass = "astro-ph.SR",
 keywords = {stars: abundances, stars: binaries: close, Galaxy: globular clusters: general, ISM: general},
     year = 2009,
    month = nov,
   volume = 507,
    pages = {L1-L4},
      doi = {10.1051/0004-6361/200913205},
   adsurl = {http://adsabs.harvard.edu/abs/2009A%26A...507L...1D},
  adsnote = {Provided by the SAO/NASA Astrophysics Data System}
}


@ARTICLE{reddy;et-al_2006,
   author = {{Reddy}, B.~E. and {Lambert}, D.~L. and {Allende Prieto}, C.
	},
    title = "{Elemental abundance survey of the Galactic thick disc}",
  journal = {\mnras},
   eprint = {arXiv:astro-ph/0512505},
 keywords = {stars: abundances, stars: kinematics, Galaxy: abundances, Galaxy: evolution},
     year = 2006,
    month = apr,
   volume = 367,
    pages = {1329-1366},
      doi = {10.1111/j.1365-2966.2006.10148.x},
   adsurl = {http://adsabs.harvard.edu/abs/2006MNRAS.367.1329R},
  adsnote = {Provided by the SAO/NASA Astrophysics Data System}
}

@ARTICLE{munari;zwitter_1997,
   author = {{Munari}, U. and {Zwitter}, T.},
    title = "{Equivalent width of NA I and K I lines and reddening.}",
  journal = {\aap},
 keywords = {INTERSTELLAR MEDIUM: ATOMS, INTERSTELLAR MEDIUM: DUST, EXTINCTION},
     year = 1997,
    month = feb,
   volume = 318,
    pages = {269-274},
   adsurl = {http://adsabs.harvard.edu/abs/1997A%26A...318..269M},
  adsnote = {Provided by the SAO/NASA Astrophysics Data System}
}

@ARTICLE{reddy;et-al_2003,
   author = {{Reddy}, B.~E. and {Tomkin}, J. and {Lambert}, D.~L. and {Allende Prieto}, C.
	},
    title = "{The chemical compositions of Galactic disc F and G dwarfs}",
  journal = {\mnras},
   eprint = {arXiv:astro-ph/0211551},
 keywords = {stars: abundances, stars: atmospheres, stars: fundamental parameters, stars: kinematics, Galaxy: abundances, Galaxy: evolution},
     year = 2003,
    month = mar,
   volume = 340,
    pages = {304-340},
      doi = {10.1046/j.1365-8711.2003.06305.x},
   adsurl = {http://adsabs.harvard.edu/abs/2003MNRAS.340..304R},
  adsnote = {Provided by the SAO/NASA Astrophysics Data System}
}

@ARTICLE{burris;et-al_2000,
   author = {{Burris}, D.~L. and {Pilachowski}, C.~A. and {Armandroff}, T.~E. and 
	{Sneden}, C. and {Cowan}, J.~J. and {Roe}, H.},
    title = "{Neutron-Capture Elements in the Early Galaxy: Insights from a Large Sample of Metal-poor Giants}",
  journal = {\apj},
   eprint = {arXiv:astro-ph/0005188},
 keywords = {Galaxies: Evolution, Nuclear Reactions, Nucleosynthesis, Abundances, Stars: Abundances, Stars: Population II},
     year = 2000,
    month = nov,
   volume = 544,
    pages = {302-319},
      doi = {10.1086/317172},
   adsurl = {http://adsabs.harvard.edu/abs/2000ApJ...544..302B},
  adsnote = {Provided by the SAO/NASA Astrophysics Data System}
}


@ARTICLE{alonso;et-al_1999,
   author = {{Alonso}, A. and {Arribas}, S. and {Mart{\'{\i}}nez-Roger}, C.
	},
    title = "{The effective temperature scale of giant stars (F0-K5). II. Empirical calibration of T$_{eff}$ versus colours and [Fe/H]}",
  journal = {\aaps},
 keywords = {STARS: FUNDAMENTAL PARAMETERS, STARS: POPULATION II, STARS: GIANTS, STARS: ATMOSPHERES, STARS: GENERAL},
     year = 1999,
    month = dec,
   volume = 140,
    pages = {261-277},
      doi = {10.1051/aas:1999521},
   adsurl = {http://adsabs.harvard.edu/abs/1999A%26AS..140..261A},
  adsnote = {Provided by the SAO/NASA Astrophysics Data System}
}

@ARTICLE{bekki;freeman_2003,
   author = {{Bekki}, K. and {Freeman}, K.~C.},
    title = "{Formation of {$\omega$} Centauri from an ancient nucleated dwarf galaxy in the young Galactic disc}",
  journal = {\mnras},
   eprint = {arXiv:astro-ph/0310348},
 keywords = {globular clusters: individual: {$\omega$} Centauri},
     year = 2003,
    month = dec,
   volume = 346,
    pages = {L11-L15},
      doi = {10.1046/j.1365-2966.2003.07275.x},
   adsurl = {http://adsabs.harvard.edu/abs/2003MNRAS.346L..11B},
  adsnote = {Provided by the SAO/NASA Astrophysics Data System}
}
@ARTICLE{roederer;et-al_2010,
   author = {{Roederer}, I.~U. and {Sneden}, C. and {Thompson}, I.~B. and 
	{Preston}, G.~W. and {Shectman}, S.~A.},
    title = "{Characterizing the Chemistry of the Milky Way Stellar Halo: Detailed Chemical Analysis of a Metal-poor Stellar Stream}",
  journal = {\apj},
archivePrefix = "arXiv",
   eprint = {1001.1745},
 primaryClass = "astro-ph.GA",
 keywords = {Galaxy: halo, Galaxy: kinematics and dynamics, nuclear reactions, nucleosynthesis, abundances, stars: abundances, stars: kinematics and dynamics, stars: Population II},
     year = 2010,
    month = mar,
   volume = 711,
    pages = {573-596},
      doi = {10.1088/0004-637X/711/2/573},
   adsurl = {http://adsabs.harvard.edu/abs/2010ApJ...711..573R},
  adsnote = {Provided by the SAO/NASA Astrophysics Data System}
}

@ARTICLE{dinescu_1999,
   author = {{Dinescu}, D.~I. and {Girard}, T.~M. and {van Altena}, W.~F.
	},
    title = "{Space Velocities of Globular Clusters. III. Cluster Orbits and Halo Substructure}",
  journal = {\aj},
 keywords = {GALAXY: HALO, GALAXY: STRUCTURE, GALAXY: GLOBULAR CLUSTERS: GENERAL},
     year = 1999,
    month = apr,
   volume = 117,
    pages = {1792-1815},
      doi = {10.1086/300807},
   adsurl = {http://adsabs.harvard.edu/abs/1999AJ....117.1792D},
  adsnote = {Provided by the SAO/NASA Astrophysics Data System}
}
@ARTICLE{smith;et-al_2000,
   author = {{Smith}, V.~V. and {Suntzeff}, N.~B. and {Cunha}, K. and {Gallino}, R. and 
	{Busso}, M. and {Lambert}, D.~L. and {Straniero}, O.},
    title = "{The Chemical Evolution of the Globular Cluster {$\omega$} Centauri (NGC 5139)}",
  journal = {\aj},
 keywords = {GLOBULAR CLUSTERS: INDIVIDUAL ({$\omega$} CENTAURI)},
     year = 2000,
    month = mar,
   volume = 119,
    pages = {1239-1258},
      doi = {10.1086/301276},
   adsurl = {http://adsabs.harvard.edu/abs/2000AJ....119.1239S},
  adsnote = {Provided by the SAO/NASA Astrophysics Data System}
}
@ARTICLE{francois;et-al_1988,
   author = {{Francois}, P. and {Spite}, M. and {Spite}, F.},
    title = "{High resolution study of different groups of stars in the peculiar globular cluster Omega CEN}",
  journal = {\aap},
 keywords = {GLOBULAR CLUSTERS, NUCLEAR FUSION, STELLAR COMPOSITION, STELLAR EVOLUTION, ABUNDANCE, CARBON MONOXIDE, CYANOGEN, METALLICITY},
     year = 1988,
    month = feb,
   volume = 191,
    pages = {267-277},
   adsurl = {http://adsabs.harvard.edu/abs/1988A%26A...191..267F},
  adsnote = {Provided by the SAO/NASA Astrophysics Data System}
}


@INPROCEEDINGS{plez;et-al_2008,
	author = {{Plez}, B. and {Masseron}, T. and {Van Eck}, S.},
	year = 2008,
	series = {ASP Conference Series},
	booktitle = {Cool Stars, Stellar Systems and the Sun}
}
@ARTICLE{frebel;et-al_2013,
   author = {{Frebel}, A. and {Casey}, A.~R. and {Jacobson}, H.~R. and {Yu}, Q.
	},
    title = "{Deriving Stellar Effective Temperatures of Metal-Poor Stars with the Excitation Potential Method}",
  journal = {ArXiv e-prints},
archivePrefix = "arXiv",
   eprint = {1304.2396},
 primaryClass = "astro-ph.GA",
 keywords = {Astrophysics - Galaxy Astrophysics, Astrophysics - Solar and Stellar Astrophysics},
     year = 2013,
    month = apr,
   adsurl = {http://adsabs.harvard.edu/abs/2013arXiv1304.2396F},
  adsnote = {Provided by the SAO/NASA Astrophysics Data System}
}

@ARTICLE{norris;et-al_2001,
   author = {{Norris}, J.~E. and {Ryan}, S.~G. and {Beers}, T.~C.},
    title = "{Extremely Metal-Poor Stars. VIII. High-Resolution, High Signal-to-Noise Ratio Analysis of Five Stars with [Fe/H]{\lt}\~{}-3.5}",
  journal = {\apj},
   eprint = {arXiv:astro-ph/0107304},
 keywords = {Galaxy: Abundances, Nuclear Reactions, Nucleosynthesis, Abundances, Stars: Abundances, Stars: Population II},
     year = 2001,
    month = nov,
   volume = 561,
    pages = {1034-1059},
      doi = {10.1086/323429},
   adsurl = {http://adsabs.harvard.edu/abs/2001ApJ...561.1034N},
  adsnote = {Provided by the SAO/NASA Astrophysics Data System}
}
@INPROCEEDINGS{dinescu_2002,
   author = {{Dinescu}, D.~I.},
    title = "{A Solar Neighborhood Search for Tidal Debris from {$\omega$} Centauri's Hypothetical Parent Galaxy}",
booktitle = {Omega Centauri, A Unique Window into Astrophysics},
     year = 2002,
   series = {Astronomical Society of the Pacific Conference Series},
   volume = 265,
   eprint = {arXiv:astro-ph/0112364},
   editor = {{van Leeuwen}, F. and {Hughes}, J.~D. and {Piotto}, G.},
    pages = {365},
   adsurl = {http://adsabs.harvard.edu/abs/2002ASPC..265..365D},
  adsnote = {Provided by the SAO/NASA Astrophysics Data System}
}
@ARTICLE{peek;graves_2010,
   author = {{Peek}, J.~E.~G. and {Graves}, G.~J.},
    title = "{A Correction to the Standard Galactic Reddening Map: Passive Galaxies as Standard Crayons}",
  journal = {\apj},
archivePrefix = "arXiv",
   eprint = {1006.3310},
 primaryClass = "astro-ph.GA",
 keywords = {atlases, dust, extinction, galaxies: elliptical and lenticular, cD, galaxies: photometry, infrared: ISM, local interstellar matter},
     year = 2010,
    month = aug,
   volume = 719,
    pages = {415-424},
      doi = {10.1088/0004-637X/719/1/415},
   adsurl = {http://adsabs.harvard.edu/abs/2010ApJ...719..415P},
  adsnote = {Provided by the SAO/NASA Astrophysics Data System}
}
@ARTICLE{aoki;et-al_2007,
   author = {{Aoki}, W. and {Honda}, S. and {Beers}, T.~C. and {Takada-Hidai}, M. and 
	{Iwamoto}, N. and {Tominaga}, N. and {Umeda}, H. and {Nomoto}, K. and 
	{Norris}, J.~E. and {Ryan}, S.~G.},
    title = "{Spectroscopic Studies of Extremely Metal-poor Stars with the Subaru High-Dispersion Spectrograph. IV. The {$\alpha$}-Element-Enhanced Metal-poor Star BS 16934-002}",
  journal = {\apj},
   eprint = {arXiv:astro-ph/0701159},
 keywords = {Nuclear Reactions, Nucleosynthesis, Abundances, Stars: Abundances, stars: individual (BS 16934-002), Stars: Population II, Stars: Supernovae: General},
     year = 2007,
    month = may,
   volume = 660,
    pages = {747-761},
      doi = {10.1086/512601},
   adsurl = {http://adsabs.harvard.edu/abs/2007ApJ...660..747A},
  adsnote = {Provided by the SAO/NASA Astrophysics Data System}
}
@ARTICLE{nissen;et-al_2000,
   author = {{Nissen}, P.~E. and {Chen}, Y.~Q. and {Schuster}, W.~J. and 
	{Zhao}, G.},
    title = "{Sc and Mn abundances in disk and metal-rich halo stars}",
  journal = {\aap},
   eprint = {arXiv:astro-ph/9912269},
 keywords = {NUCLEAR REACTIONS, NUCLEOSYNTHESIS, ABUNDANCES, STARS: ABUNDANCES, STARS: LATE-TYPE, GALAXY: EVOLUTION, GALAXY: HALO, GALAXY: SOLAR NEIGHBOURHOOD},
     year = 2000,
    month = jan,
   volume = 353,
    pages = {722-728},
   adsurl = {http://cdsads.u-strasbg.fr/abs/2000A%26A...353..722N},
  adsnote = {Provided by the SAO/NASA Astrophysics Data System}
}

@ARTICLE{gratton_sneden_1991,
   author = {{Gratton}, R.~G. and {Sneden}, C.},
    title = "{Abundances of elements of the Fe-group in metal-poor stars}",
  journal = {\aap},
 keywords = {IRON, METALLICITY, STELLAR COMPOSITION, STELLAR PHYSICS, GLOBULAR CLUSTERS, NUCLEAR FUSION, SPECTRAL LINE WIDTH, STELLAR ATMOSPHERES, STELLAR SPECTRA},
     year = 1991,
    month = jan,
   volume = 241,
    pages = {501-525},
   adsurl = {http://cdsads.u-strasbg.fr/abs/1991A%26A...241..501G},
  adsnote = {Provided by the SAO/NASA Astrophysics Data System}
}

@ARTICLE{shetrone_1996,
   author = {{Shetrone}, M.~D.},
    title = "{Al, Mg and Eu Abundances in Globular Cluster Giants. I. Tests of Deep Mixing}",
  journal = {\aj},
 keywords = {GLOBULAR CLUSTERS: GENERAL, STARS: EVOLUTION},
     year = 1996,
    month = oct,
   volume = 112,
    pages = {1517},
      doi = {10.1086/118120},
   adsurl = {http://cdsads.u-strasbg.fr/abs/1996AJ....112.1517S},
  adsnote = {Provided by the SAO/NASA Astrophysics Data System}
}

@ARTICLE{cayrel;et-al_2004,
   author = {{Cayrel}, R. and {Depagne}, E. and {Spite}, M. and {Hill}, V. and 
	{Spite}, F. and {Fran{\c c}ois}, P. and {Plez}, B. and {Beers}, T. and 
	{Primas}, F. and {Andersen}, J. and {Barbuy}, B. and {Bonifacio}, P. and 
	{Molaro}, P. and {Nordstr{\"o}m}, B.},
    title = "{First stars V - Abundance patterns from C to Zn and supernova yields in the early Galaxy}",
  journal = {\aap},
   eprint = {arXiv:astro-ph/0311082},
     year = 2004,
    month = mar,
   volume = 416,
    pages = {1117-1138},
      doi = {10.1051/0004-6361:20034074},
   adsurl = {http://adsabs.harvard.edu/abs/2004A%26A...416.1117C},
  adsnote = {Provided by the SAO/NASA Astrophysics Data System}
}



@ARTICLE{baumueller;gehren_1997,
   author = {{Baumueller}, D. and {Gehren}, T.},
    title = "{Aluminium in metal-poor stars.}",
  journal = {\aap},
 keywords = {ATOMIC PROCESSES, NUCLEOSYNTHESIS, LINES: FORMATION, STARS: ABUNDANCES, GALAXY: ABUNDANCES},
     year = 1997,
    month = sep,
   volume = 325,
    pages = {1088-1098},
   adsurl = {http://adsabs.harvard.edu/abs/1997A%26A...325.1088B},
  adsnote = {Provided by the SAO/NASA Astrophysics Data System}
}

@ARTICLE{asplund;perez_2001,
   author = {{Asplund}, M. and {Garc{\'{\i}}a P{\'e}rez}, A.~E.},
    title = "{On OH line formation and oxygen abundances in metal-poor stars}",
  journal = {\aap},
   eprint = {arXiv:astro-ph/0104071},
 keywords = {CONVECTION, LINE: FORMATION, STARS: ABUNDANCES, STARS: ATMOSPHERES, STARS: POPULATION II, GALAXY: EVOLUTION},
     year = 2001,
    month = jun,
   volume = 372,
    pages = {601-615},
      doi = {10.1051/0004-6361:20010483},
   adsurl = {http://adsabs.harvard.edu/abs/2001A%26A...372..601A},
  adsnote = {Provided by the SAO/NASA Astrophysics Data System}
}

@ARTICLE{belokurov;et-al_2007,
   author = {{Belokurov}, V. and {Evans}, N.~W. and {Irwin}, M.~J. and {Lynden-Bell}, D. and 
	{Yanny}, B. and {Vidrih}, S. and {Gilmore}, G. and {Seabroke}, G. and 
	{Zucker}, D.~B. and {Wilkinson}, M.~I. and {Hewett}, P.~C. and 
	{Bramich}, D.~M. and {Fellhauer}, M. and {Newberg}, H.~J. and 
	{Wyse}, R.~F.~G. and {Beers}, T.~C. and {Bell}, E.~F. and {Barentine}, J.~C. and 
	{Brinkmann}, J. and {Cole}, N. and {Pan}, K. and {York}, D.~G.
	},
    title = "{An Orphan in the ``Field of Streams''}",
  journal = {\apj},
   eprint = {arXiv:astro-ph/0605705},
 keywords = {Galaxies: Kinematics and Dynamics, Galaxies: Structure, Galaxies: Local Group},
     year = 2007,
    month = mar,
   volume = 658,
    pages = {337-344},
      doi = {10.1086/511302},
   adsurl = {http://adsabs.harvard.edu/abs/2007ApJ...658..337B},
  adsnote = {Provided by the SAO/NASA Astrophysics Data System}
}

@ARTICLE{mizutani;et-al_2003,
   author = {{Mizutani}, A. and {Chiba}, M. and {Sakamoto}, T.},
    title = "{Kinematics of Tidal Debris from {$\omega$} Centauri's Progenitor Galaxy}",
  journal = {\apjl},
   eprint = {arXiv:astro-ph/0304361},
 keywords = {Galaxy: Formation, Galaxy: Globular Clusters: Individual: Name: {$\omega$} Centauri, Stars: Kinematics, Stars: Population II},
     year = 2003,
    month = jun,
   volume = 589,
    pages = {L89-L92},
      doi = {10.1086/375873},
   adsurl = {http://adsabs.harvard.edu/abs/2003ApJ...589L..89M},
  adsnote = {Provided by the SAO/NASA Astrophysics Data System}
}

@ARTICLE{da_costa;coleman_2008,
   author = {{Da Costa}, G.~S. and {Coleman}, M.~G.},
    title = "{A Spectroscopic Survey for {$\omega$} Centauri Members at and beyond the Cluster Tidal Radius}",
  journal = {\aj},
archivePrefix = "arXiv",
   eprint = {0805.0823},
 keywords = {Galaxy: stellar content, globular clusters: general, globular clusters: individual: {$\omega$} Centauri: NGC 5139, stars: kinematics},
     year = 2008,
    month = jul,
   volume = 136,
    pages = {506-517},
      doi = {10.1088/0004-6256/136/1/506},
   adsurl = {http://adsabs.harvard.edu/abs/2008AJ....136..506D},
  adsnote = {Provided by the SAO/NASA Astrophysics Data System}
}

@ARTICLE{nataf;et-al_2012,
   author = {{Nataf}, D.~M. and {Gould}, A. and {Fouqu{\'e}}, P. and {Gonzalez}, O.~A. and 
	{Johnson}, J.~A. and {Skowron}, J. and {Udalski}, A. and {Szyma{\'n}ski}, M.~K. and 
	{Kubiak}, M. and {Pietrzy{\'n}ski}, G. and {Soszy{\'n}ski}, I. and 
	{Ulaczyk}, K. and {Wyrzykowski}, {\L}. and {Poleski}, R.},
    title = "{Reddening and Extinction Toward the Galactic Bulge from OGLE-III: The Inner Milky Way's Rv \~{} 2.5 Extinction Curve}",
  journal = {ArXiv e-prints},
archivePrefix = "arXiv",
   eprint = {1208.1263},
 primaryClass = "astro-ph.GA",
 keywords = {Astrophysics - Galaxy Astrophysics},
     year = 2012,
    month = aug,
   adsurl = {http://adsabs.harvard.edu/abs/2012arXiv1208.1263N},
  adsnote = {Provided by the SAO/NASA Astrophysics Data System}
}

@ARTICLE{arnould;et-al_1999,
   author = {{Arnould}, M. and {Goriely}, S. and {Jorissen}, A.},
    title = "{Non-explosive hydrogen and helium burnings: abundance predictions from the NACRE reaction rate compilation}",
  journal = {\aap},
   eprint = {arXiv:astro-ph/9904407},
 keywords = {NUCLEAR REACTIONS, NUCLEOSYNTHESIS, ABUNDANCES},
     year = 1999,
    month = jul,
   volume = 347,
    pages = {572-582},
   adsurl = {http://adsabs.harvard.edu/abs/1999A%26A...347..572A},
  adsnote = {Provided by the SAO/NASA Astrophysics Data System}
}

@ARTICLE{mizutani;et-al_2003,
   author = {{Mizutani}, A. and {Chiba}, M. and {Sakamoto}, T.},
    title = "{Kinematics of Tidal Debris from {$\omega$} Centauri's Progenitor Galaxy}",
  journal = {\apjl},
   eprint = {arXiv:astro-ph/0304361},
 keywords = {Galaxy: Formation, Galaxy: Globular Clusters: Individual: Name: {$\omega$} Centauri, Stars: Kinematics, Stars: Population II},
     year = 2003,
    month = jun,
   volume = 589,
    pages = {L89-L92},
      doi = {10.1086/375873},
   adsurl = {http://adsabs.harvard.edu/abs/2003ApJ...589L..89M},
  adsnote = {Provided by the SAO/NASA Astrophysics Data System}
}

@ARTICLE{marino;et-al_2011,
   author = {{Marino}, A.~F. and {Sneden}, C. and {Kraft}, R.~P. and {Wallerstein}, G. and 
	{Norris}, J.~E. and {da Costa}, G. and {Milone}, A.~P. and {Ivans}, I.~I. and 
	{Gonzalez}, G. and {Fulbright}, J.~P. and {Hilker}, M. and {Piotto}, G. and 
	{Zoccali}, M. and {Stetson}, P.~B.},
    title = "{The two metallicity groups of the globular cluster M 22: a chemical perspective}",
  journal = {\aap},
archivePrefix = "arXiv",
   eprint = {1105.1523},
 primaryClass = "astro-ph.SR",
 keywords = {techniques: spectroscopic, stars: abundances, stars: Population II, globular clusters: individual: M 22 (NGC 6656)},
     year = 2011,
    month = aug,
   volume = 532,
      eid = {A8},
    pages = {A8},
      doi = {10.1051/0004-6361/201116546},
   adsurl = {http://adsabs.harvard.edu/abs/2011A%26A...532A...8M},
  adsnote = {Provided by the SAO/NASA Astrophysics Data System}
}

@ARTICLE{tsuchiya_2003,
   author = {{Tsuchiya}, T. and {Dinescu}, D.~I. and {Korchagin}, V.~I.},
    title = "{A Capture Scenario for the Globular Cluster {$\omega$} Centauri}",
  journal = {\apjl},
   eprint = {arXiv:astro-ph/0304262},
 keywords = {Galaxy: Globular Clusters: Individual: NGC Number: NGC 5139},
     year = 2003,
    month = may,
   volume = 589,
    pages = {L29-L32},
      doi = {10.1086/375805},
   adsurl = {http://adsabs.harvard.edu/abs/2003ApJ...589L..29T},
  adsnote = {Provided by the SAO/NASA Astrophysics Data System}
}

@ARTICLE{tsuchiya_2004,
   author = {{Tsuchiya}, T. and {Korchagin}, V.~I. and {Dinescu}, D.~I.},
    title = "{Disruption of a dwarf galaxy under strong shocking: the origin of {$\omega$} Centauri}",
  journal = {\mnras},
   eprint = {arXiv:astro-ph/0402410},
 keywords = {methods: N-body simulations, globular clusters: individual: {$\omega$} Centauri, galaxies: interactions, galaxies: kinematics and dynamics},
     year = 2004,
    month = may,
   volume = 350,
    pages = {1141-1151},
      doi = {10.1111/j.1365-2966.2004.07716.x},
   adsurl = {http://adsabs.harvard.edu/abs/2004MNRAS.350.1141T},
  adsnote = {Provided by the SAO/NASA Astrophysics Data System}
}


@ARTICLE{de_silva;et-al_2013,
   author = {{De Silva}, G.~M. and {D'Orazi}, V. and {Melo}, C. and {Torres}, C.~A.~O. and 
	{Gieles}, M. and {Quast}, G.~R. and {Sterzik}, M.},
    title = "{Search for Associations Containing Young stars (SACY): Chemical tagging IC 2391 {\amp} the Argus association}",
  journal = {ArXiv e-prints},
archivePrefix = "arXiv",
   eprint = {1301.5967},
 primaryClass = "astro-ph.SR",
 keywords = {Astrophysics - Solar and Stellar Astrophysics},
     year = 2013,
    month = jan,
   adsurl = {http://adsabs.harvard.edu/abs/2013arXiv1301.5967D},
  adsnote = {Provided by the SAO/NASA Astrophysics Data System}
}

@ARTICLE{casagrande;et-al_2010,
   author = {{Casagrande}, L. and {Ram{\'{\i}}rez}, I. and {Mel{\'e}ndez}, J. and 
	{Bessell}, M. and {Asplund}, M.},
    title = "{An absolutely calibrated T$_{eff}$ scale from the infrared flux method. Dwarfs and subgiants}",
  journal = {\aap},
archivePrefix = "arXiv",
   eprint = {1001.3142},
 primaryClass = "astro-ph.SR",
 keywords = {stars: fundamental parameters, stars: abundances, stars: atmospheres, infrared: stars, techniques: photometric},
     year = 2010,
    month = mar,
   volume = 512,
      eid = {A54},
    pages = {A54},
      doi = {10.1051/0004-6361/200913204},
   adsurl = {http://adsabs.harvard.edu/abs/2010A%26A...512A..54C},
  adsnote = {Provided by the SAO/NASA Astrophysics Data System}
}


@ARTICLE{fulbright_2000,
   author = {{Fulbright}, J.~P.},
    title = "{Abundances and Kinematics of Field Halo and Disk Stars. I. Observational Data and Abundance Analysis}",
  journal = {\aj},
   eprint = {arXiv:astro-ph/0006260},
 keywords = {Galaxy: Halo, Galaxy: Stellar Content, Stars: Abundances, Stars: Population II, Stars: Subdwarfs},
     year = 2000,
    month = oct,
   volume = 120,
    pages = {1841-1852},
      doi = {10.1086/301548},
   adsurl = {http://adsabs.harvard.edu/abs/2000AJ....120.1841F},
  adsnote = {Provided by the SAO/NASA Astrophysics Data System}
}


@ARTICLE{grevesse;sauval_1998,
   author = {{Grevesse}, N. and {Sauval}, A.~J.},
    title = "{Standard Solar Composition}",
  journal = {\ssr},
 keywords = {Sun: abundances, Meteorites: abundances, Solar spectroscopy},
     year = 1998,
    month = may,
   volume = 85,
    pages = {161-174},
      doi = {10.1023/A:1005161325181},
   adsurl = {http://adsabs.harvard.edu/abs/1998SSRv...85..161G},
  adsnote = {Provided by the SAO/NASA Astrophysics Data System}
}

@ARTICLE{gratton;et-al_2000,
   author = {{Gratton}, R.~G. and {Sneden}, C. and {Carretta}, E. and {Bragaglia}, A.
	},
    title = "{Mixing along the red giant branch in metal-poor field stars}",
  journal = {\aap},
 keywords = {STARS: HERTZSPRUNG-RUSSEL (HR) AND C-M DIAGRAMS, STARS: EVOLUTION, STARS: POPULATION II, GALAXY: GLOBULAR CLUSTERS: GENERAL},
     year = 2000,
    month = feb,
   volume = 354,
    pages = {169-187},
   adsurl = {http://adsabs.harvard.edu/abs/2000A%26A...354..169G},
  adsnote = {Provided by the SAO/NASA Astrophysics Data System}
}

@ARTICLE{Helmi;White_2001,
   author = {{Helmi}, A. and {White}, S.~D.~M.},
    title = "{Simple dynamical models of the Sagittarius dwarf galaxy}",
  journal = {\mnras},
   eprint = {arXiv:astro-ph/0002482},
 keywords = {GALAXY: HALO, GALAXY: STRUCTURE, GALAXIES: INDIVIDUAL: SAGITTARIUS DSPH, GALAXIES: INTERACTIONS, LOCAL GROUP},
     year = 2001,
    month = may,
   volume = 323,
    pages = {529-536},
      doi = {10.1046/j.1365-8711.2001.04238.x},
   adsurl = {http://adsabs.harvard.edu/abs/2001MNRAS.323..529H},
  adsnote = {Provided by the SAO/NASA Astrophysics Data System}
}
@ARTICLE{Ruhland;et-al_2011,
   author = {{Ruhland}, C. and {Bell}, E.~F. and {Rix}, H.-W. and {Xue}, X.-X.
	},
    title = "{The Structure of the Sagittarius Stellar Stream as Traced by Blue Horizontal Branch Stars}",
  journal = {\apj},
archivePrefix = "arXiv",
   eprint = {1103.4610},
 primaryClass = "astro-ph.GA",
 keywords = {galaxies: dwarf, galaxies: interactions, Galaxy: halo, Galaxy: stellar content},
     year = 2011,
    month = apr,
   volume = 731,
    pages = {119-+},
      doi = {10.1088/0004-637X/731/2/119},
   adsurl = {http://adsabs.harvard.edu/abs/2011ApJ...731..119R},
  adsnote = {Provided by the SAO/NASA Astrophysics Data System}
}

@ARTICLE{Xue;et-al_2011,
   author = {{Xue}, X.-X. and {Rix}, H.-W. and {Yanny}, B. and {Beers}, T.~C. and 
	{Bell}, E.~F. and {Zhao}, G. and {Bullock}, J.~S. and {Johnston}, K.~V. and 
	{Morrison}, H. and {Rockosi}, C. and {Koposov}, S.~E. and {Kang}, X. and 
	{Liu}, C. and {Luo}, A. and {Lee}, Y.~S. and {Weaver}, B.~A.
	},
    title = "{Quantifying Kinematic Substructure in the Milky Way's Stellar Halo}",
  journal = {\apj},
archivePrefix = "arXiv",
   eprint = {1011.1925},
 primaryClass = "astro-ph.GA",
 keywords = {galaxies: individual: Milky Way, Galaxy: halo, Galaxy: structure, stars: horizontal-branch, stars: kinematics and dynamics },
     year = 2011,
    month = sep,
   volume = 738,
    pages = {79-+},
      doi = {10.1088/0004-637X/738/1/79},
   adsurl = {http://adsabs.harvard.edu/abs/2011ApJ...738...79X},
  adsnote = {Provided by the SAO/NASA Astrophysics Data System}
}


@ARTICLE{Roser;et-al_2010,
   author = {{Roeser}, S. and {Demleitner}, M. and {Schilbach}, E.},
    title = "{The PPMXL Catalog of Positions and Proper Motions on the ICRS. Combining USNO-B1.0 and the Two Micron All Sky Survey (2MASS)}",
  journal = {\aj},
archivePrefix = "arXiv",
   eprint = {1003.5852},
 primaryClass = "astro-ph.GA",
 keywords = {astrometry, catalogs, Galaxy: kinematics and dynamics, proper motions},
     year = 2010,
    month = jun,
   volume = 139,
    pages = {2440-2447},
      doi = {10.1088/0004-6256/139/6/2440},
   adsurl = {http://adsabs.harvard.edu/abs/2010AJ....139.2440R},
  adsnote = {Provided by the SAO/NASA Astrophysics Data System}
}

@ARTICLE{Brink;et-al_2010,
   author = {{Brink}, T.~G. and {Mateo}, M. and {Mart{\'{\i}}nez-Delgado}, D.
	},
    title = "{Radial Velocities of Galactic Halo Stars in Virgo}",
  journal = {\aj},
 keywords = {galaxies: individual: Sagittarius, Galaxy: halo, Galaxy: kinematics and dynamics, Galaxy: structure, Local Group, techniques: radial velocities},
     year = 2010,
    month = nov,
   volume = 140,
    pages = {1337-1346},
      doi = {10.1088/0004-6256/140/5/1337},
   adsurl = {http://adsabs.harvard.edu/abs/2010AJ....140.1337B},
  adsnote = {Provided by the SAO/NASA Astrophysics Data System}
}
@ARTICLE{Schoenrich;et-al_2010,
    author = {{Schoenrich}, R. and {Asplund}, M. and {Casagrande}, L.},
    title = "{On the alleged duality of the Galactic halo}",
    journal = {ArXiv 1012.0842},
    archivePrefix = "arXiv",
    eprint = {1012.0842},
    primaryClass = "astro-ph.GA",
    keywords = {Astrophysics - Galaxy Astrophysics},
    year = 2010,
    month = dec,
    adsurl = {http://adsabs.harvard.edu/abs/2010arXiv1012.0842S},
    adsnote = {Provided by the SAO/NASA Astrophysics Data System}
}

@ARTICLE{Chou;et-al_2007,
   author = {{Chou}, {M.-Y.} and {Majewski}, S.~R. and {Cunha}, K. and {Smith}, V.~V. and 
	{Patterson}, R.~J. and {Mart{\'{\i}}nez-Delgado}, D. and {Law}, D.~R. and 
	{Crane}, J.~D. and {Mu{\~n}oz}, R.~R. and {Garcia L{\'o}pez}, R. and 
	{Geisler}, D. and {Skrutskie}, M.~F.},
    title = "{A 2MASS All-Sky View of the Sagittarius Dwarf Galaxy. V. Variation of the Metallicity Distribution Function along the Sagittarius Stream}",
  journal = {\apj},
   eprint = {arXiv:astro-ph/0605101},
 keywords = {Galaxies: Evolution, Galaxies: Interactions, Galaxy: Halo, Galaxies: Local Group},
     year = 2007,
    month = nov,
   volume = 670,
    pages = {346-362},
      doi = {10.1086/522483},
   adsurl = {http://adsabs.harvard.edu/abs/2007ApJ...670..346C},
  adsnote = {Provided by the SAO/NASA Astrophysics Data System}
}
@ARTICLE{Ryan;Norris_1991,
   author = {{Ryan}, S.~G. and {Norris}, J.~E.},
    title = "{Subdwarf Studies. III. The Halo Metallicity Distribution}",
  journal = {\aj},
 keywords = {GALAXIES:  THE GALAXY, STARS: SUBDWARFS, STARS: POPULATION II, STARS: WEAK-LINE},
     year = 1991,
    month = may,
   volume = 101,
    pages = {1865-1878},
      doi = {10.1086/115812},
   adsurl = {http://adsabs.harvard.edu/abs/1991AJ....101.1865R},
  adsnote = {Provided by the SAO/NASA Astrophysics Data System}
}
@ARTICLE{Penarrubia;et-al_2011,
   author = {{Pe{\~n}arrubia}, J. and {Zucker}, D.~B. and {Irwin}, M.~J. and 
	{Hyde}, E.~A. and {Lane}, R.~R. and {Lewis}, G.~F. and {Gilmore}, G. and 
	{Wyn Evans}, N. and {Belokurov}, V.},
    title = "{No Evidence for Internal Rotation in the Remnant Core of the Sagittarius Dwarf}",
  journal = {\apjl},
archivePrefix = "arXiv",
   eprint = {1011.6206},
 primaryClass = "astro-ph.GA",
 keywords = {galaxies: halos, Galaxy: evolution, Galaxy: formation, Galaxy: kinematics and dynamics },
     year = 2011,
    month = jan,
   volume = 727,
    pages = {L2+},
      doi = {10.1088/2041-8205/727/1/L2},
   adsurl = {http://adsabs.harvard.edu/abs/2011ApJ...727L...2P},
  adsnote = {Provided by the SAO/NASA Astrophysics Data System}
}

@ARTICLE{Castelli;Kurucz_2004,
   author = {{Castelli}, F. and {Kurucz}, R.~L.},
    title = "{New Grids of ATLAS9 Model Atmospheres}",
  journal = {ArXiv Astrophysics e-prints 0405087},
   eprint = {arXiv:astro-ph/0405087},
 keywords = {Astrophysics},
     year = 2004,
    month = may,
   adsurl = {http://adsabs.harvard.edu/abs/2004astro.ph..5087C},
  adsnote = {Provided by the SAO/NASA Astrophysics Data System}
}

@ARTICLE{Demers;Battinelli_2002,
   author = {{Demers}, S. and {Battinelli}, P.},
    title = "{C Star Survey of Local Group Dwarf Galaxies. III. The Sagittarius Dwarf Irregular and the Leo I Dwarf Spheroidal Galaxies}",
  journal = {\aj},
   eprint = {arXiv:astro-ph/0109512},
 keywords = {Galaxies: Individual: Name: Sagittarius Dwarf Irregular, Galaxies: Individual: Name: Leo I, Galaxies: Stellar Content, Stars: Carbon},
     year = 2002,
    month = jan,
   volume = 123,
    pages = {238-243},
      doi = {10.1086/324735},
   adsurl = {http://adsabs.harvard.edu/abs/2002AJ....123..238D},
  adsnote = {Provided by the SAO/NASA Astrophysics Data System}
}
@ARTICLE{Keller;et-al_2008,
   author = {{Keller}, S.~C. and {Murphy}, S. and {Prior}, S. and {Da Costa}, G. and 
	{Schmidt}, B.},
    title = "{Revealing Substructure in the Galactic Halo: The SEKBO RR Lyrae Survey}",
  journal = {\apj},
archivePrefix = "arXiv",
   eprint = {0711.2337},
 keywords = {Galaxy: Halo, Galaxy: Structure, Stars: Variables: Other},
     year = 2008,
    month = may,
   volume = 678,
    pages = {851-864},
      doi = {10.1086/526516},
   adsurl = {http://adsabs.harvard.edu/abs/2008ApJ...678..851K},
  adsnote = {Provided by the SAO/NASA Astrophysics Data System}
}


@INPROCEEDINGS{Cacciari;et-al_2002,
   author = {{Cacciari}, C. and {Bellazzini}, M. and {Colucci}, S.},
    title = "{The RR Lyrae Variables in M54 and the Sgr Dwarf Galaxy}",
booktitle = {Extragalactic Star Clusters},
     year = 2002,
   series = {IAU Symposium},
   volume = 207,
   eprint = {arXiv:astro-ph/0106013},
   editor = "{D.~P.~Geisler, E.~K.~Grebel, \& D.~Minniti}",
    pages = {168},
   adsurl = {http://adsabs.harvard.edu/abs/2002IAUS..207..168C},
  adsnote = {Provided by the SAO/NASA Astrophysics Data System}
}

@ARTICLE{Keller;Yong;Da_Costa_2010,
   author = {{Keller}, S.~C. and {Yong}, D. and {Da Costa}, G.~S.},
    title = "{The Chemistry of the Trailing Arm of the Sagittarius Dwarf Galaxy}",
  journal = {\apj},
 keywords = {galaxies: individual: Sagitarrius dSph, Galaxy: halo, Galaxy: structure, stars: abundances},
     year = 2010,
    month = sep,
   volume = 720,
    pages = {940-947},
      doi = {10.1088/0004-637X/720/1/940},
   adsurl = {http://adsabs.harvard.edu/abs/2010ApJ...720..940K},
  adsnote = {Provided by the SAO/NASA Astrophysics Data System}
}

@ARTICLE{Bonifacio;et-al_2004,
   author = {{Bonifacio}, P. and {Sbordone}, L. and {Marconi}, G. and {Pasquini}, L. and 
	{Hill}, V.},
    title = "{The Sgr dSph hosts a metal-rich population}",
  journal = {\aap},
   eprint = {arXiv:astro-ph/0310872},
 keywords = {stars: abundances, stars: atmospheres, galaxies: abundances, galaxies: evolution, galaxies: dwarf, galaxies: individual: Sgr dSph},
     year = 2004,
    month = feb,
   volume = 414,
    pages = {503-514},
      doi = {10.1051/0004-6361:20031692},
   adsurl = {http://adsabs.harvard.edu/abs/2004A%26A...414..503B},
  adsnote = {Provided by the SAO/NASA Astrophysics Data System}
}
@ARTICLE{Piatek;Pryor_1995,
   author = {{Piatek}, S. and {Pryor}, C.},
    title = "{The effect of galactic tides on the apparent mass-to-light ratios in dwarf spheroidal galaxies}",
  journal = {\aj},
 keywords = {DWARF GALAXIES, GALACTIC ROTATION, GRAVITATION, KINEMATICS, MASS TO LIGHT RATIOS, MILKY WAY GALAXY, ORBITS, TIDES, APSIDES, COMPUTER PROGRAMS, COMPUTERIZED SIMULATION, FLUX DENSITY, GRAVITATIONAL FIELDS, VELOCITY DISTRIBUTION},
     year = 1995,
    month = mar,
   volume = 109,
    pages = {1071-1085},
      doi = {10.1086/117342},
   adsurl = {http://adsabs.harvard.edu/abs/1995AJ....109.1071P},
  adsnote = {Provided by the SAO/NASA Astrophysics Data System}
}

@ARTICLE{Monaco;et-al_2005,
   author = {{Monaco}, L. and {Bellazzini}, M. and {Bonifacio}, P. and {Ferraro}, F.~R. and 
	{Marconi}, G. and {Pancino}, E. and {Sbordone}, L. and {Zaggia}, S.
	},
    title = "{The Ital-FLAMES survey of the Sagittarius dwarf spheroidal galaxy. I. Chemical abundances of bright RGB stars}",
  journal = {\aap},
   eprint = {arXiv:astro-ph/0506622},
 keywords = {stars: atmospheres, Galaxy: abundances, galaxies: evolution, galaxies: dwarf, galaxies: individual: Sgr dSph},
     year = 2005,
    month = oct,
   volume = 441,
    pages = {141-151},
      doi = {10.1051/0004-6361:20053333},
   adsurl = {http://adsabs.harvard.edu/abs/2005A%26A...441..141M},
  adsnote = {Provided by the SAO/NASA Astrophysics Data System}
}

@ARTICLE{Miyamoto;Nagai_1975,
   author = {{Miyamoto}, M. and {Nagai}, R.},
    title = "{Three-dimensional models for the distribution of mass in galaxies}",
  journal = {\pasj},
 keywords = {ASTRONOMICAL MODELS, DENSITY DISTRIBUTION, GALACTIC STRUCTURE, MASS DISTRIBUTION, POTENTIAL THEORY, THREE DIMENSIONAL MODELS, FUNCTIONS (MATHEMATICS), GLOBULAR CLUSTERS, GRAVITATIONAL EFFECTS, MATHEMATICAL MODELS, MILKY WAY GALAXY},
     year = 1975,
   volume = 27,
    pages = {533-543},
   adsurl = {http://adsabs.harvard.edu/abs/1975PASJ...27..533M},
  adsnote = {Provided by the SAO/NASA Astrophysics Data System}
}
@ARTICLE{Tolstoy;et-al_2001,
   author = {{Tolstoy}, E. and {Irwin}, M.~J. and {Cole}, A.~A. and {Pasquini}, L. and 
	{Gilmozzi}, R. and {Gallagher}, J.~S.},
    title = "{Using the Ca ii triplet to trace abundance variations in individual red giant branch stars in three nearby galaxies}",
  journal = {\mnras},
   eprint = {arXiv:astro-ph/0107022},
 keywords = {GALAXIES: INDIVIDUAL: SCULPTOR, GALAXIES: INDIVIDUAL: FORNAX, GALAXIES: INDIVIDUAL: NGC 6822, GALAXIES: KINEMATICS AND DYNAMICS, LOCAL GROUP, INFRARED: GALAXIES},
     year = 2001,
    month = nov,
   volume = 327,
    pages = {918-938},
      doi = {10.1046/j.1365-8711.2001.04785.x},
   adsurl = {http://adsabs.harvard.edu/abs/2001MNRAS.327..918T},
  adsnote = {Provided by the SAO/NASA Astrophysics Data System}
}
@ARTICLE{Downes;et-al_2004,
   author = {{Downes}, R.~A. and {Margon}, B. and {Anderson}, S.~F. and {Harris}, H.~C. and 
	{Knapp}, G.~R. and {Schroeder}, J. and {Schneider}, D.~P. and 
	{York}, D.~G. and {Pier}, J.~R. and {Brinkmann}, J.},
    title = "{Faint High-Latitude Carbon Stars Discovered by the Sloan Digital Sky Survey: An Initial Catalog}",
  journal = {\aj},
   eprint = {arXiv:astro-ph/0402118},
 keywords = {Astrometry, Stars: Carbon, Stars: Statistics, Surveys},
     year = 2004,
    month = may,
   volume = 127,
    pages = {2838-2849},
      doi = {10.1086/383211},
   adsurl = {http://adsabs.harvard.edu/abs/2004AJ....127.2838D},
  adsnote = {Provided by the SAO/NASA Astrophysics Data System}
}
@ARTICLE{Penarrubia;et-al_2010,
   author = {{Pe{\~n}arrubia}, J. and {Belokurov}, V. and {Evans}, N.~W. and 
	{Mart{\'{\i}}nez-Delgado}, D. and {Gilmore}, G. and {Irwin}, M. and 
	{Niederste-Ostholt}, M. and {Zucker}, D.~B.},
    title = "{Was the progenitor of the Sagittarius stream a disc galaxy?}",
  journal = {\mnras},
archivePrefix = "arXiv",
   eprint = {1007.1485},
 primaryClass = "astro-ph.GA",
 keywords = {Galaxy: evolution, Galaxy: formation, Galaxy: kinematics and dynamics, galaxies: haloes},
     year = 2010,
    month = oct,
   volume = 408,
    pages = {L26-L30},
      doi = {10.1111/j.1745-3933.2010.00921.x},
   adsurl = {http://adsabs.harvard.edu/abs/2010MNRAS.408L..26P},
  adsnote = {Provided by the SAO/NASA Astrophysics Data System}
}

@ARTICLE{Tsujimoto;et-al_1998,
   author = {{Tsujimoto}, T. and {Miyamoto}, M. and {Yoshii}, Y.},
    title = "{The Absolute Magnitude of RR Lyrae Stars Derived from the Hipparcos Catalogue}",
  journal = {\apjl},
   eprint = {arXiv:astro-ph/9711021},
 keywords = {STARS: KINEMATICS, STARS: STATISTICS, STARS: VARIABLES: OTHER RR LYRAE},
     year = 1998,
    month = jan,
   volume = 492,
    pages = {L79},
      doi = {10.1086/311084},
   adsurl = {http://adsabs.harvard.edu/abs/1998ApJ...492L..79T},
  adsnote = {Provided by the SAO/NASA Astrophysics Data System}
}

@ARTICLE{Totten;et-al_2000,
   author = {{Totten}, E.~J. and {Irwin}, M.~J. and {Whitelock}, P.~A.},
    title = "{The APM Survey for cool carbon stars in the Galactic halo - II. The search for dwarf carbon stars}",
  journal = {\mnras},
   eprint = {arXiv:astro-ph/0001113},
 keywords = {ASTROMETRY, SURVEYS, STARS: CARBON, INFRARED: STARS},
     year = 2000,
    month = may,
   volume = 314,
    pages = {630-640},
      doi = {10.1046/j.1365-8711.2000.03370.x},
   adsurl = {http://adsabs.harvard.edu/abs/2000MNRAS.314..630T},
  adsnote = {Provided by the SAO/NASA Astrophysics Data System}
}
@ARTICLE{Harris_1996,
   author = {{Harris}, W.~E.},
    title = "{A Catalog of Parameters for Globular Clusters in the Milky Way}",
  journal = {\aj},
 keywords = {GLOBULAR CLUSTERS: GENERAL, CATALOGS},
     year = 1996,
    month = oct,
   volume = 112,
    pages = {1487-+},
      doi = {10.1086/118116},
   adsurl = {http://adsabs.harvard.edu/abs/1996AJ....112.1487H},
  adsnote = {Provided by the SAO/NASA Astrophysics Data System}
}
@ARTICLE{Battaglia;et-al_2008,
   author = {{Battaglia}, G. and {Irwin}, M. and {Tolstoy}, E. and {Hill}, V. and 
	{Helmi}, A. and {Letarte}, B. and {Jablonka}, P.},
    title = "{Analysis and calibration of CaII triplet spectroscopy of red giant branch stars from VLT/FLAMES observations}",
  journal = {\mnras},
archivePrefix = "arXiv",
   eprint = {0710.0798},
 keywords = {techniques: spectroscopic , stars: abundances , galaxies: dwarf , galaxies: star clusters},
     year = 2008,
    month = jan,
   volume = 383,
    pages = {183-199},
      doi = {10.1111/j.1365-2966.2007.12532.x},
   adsurl = {http://adsabs.harvard.edu/abs/2008MNRAS.383..183B},
  adsnote = {Provided by the SAO/NASA Astrophysics Data System}
}
@ARTICLE{Yanny;et-al_2009,
   author = {{Yanny}, B. and {Newberg}, H.~J. and {Johnson}, J.~A. and {Lee}, Y.~S. and 
	{Beers}, T.~C. and {Bizyaev}, D. and {Brewington}, H. and {Fiorentin}, P.~R. and 
	{Harding}, P. and {Malanushenko}, E. and {Malanushenko}, V. and 
	{Oravetz}, D. and {Pan}, K. and {Simmons}, A. and {Snedden}, S.
	},
    title = "{Tracing Sagittarius Structure with SDSS and SEGUE Imaging and Spectroscopy}",
  journal = {\apj},
archivePrefix = "arXiv",
   eprint = {0905.4502},
 primaryClass = "astro-ph.GA",
 keywords = {Galaxy: halo, Galaxy: kinematics and dynamics, Galaxy: structure, stars: abundances},
     year = 2009,
    month = aug,
   volume = 700,
    pages = {1282-1298},
      doi = {10.1088/0004-637X/700/2/1282},
   adsurl = {http://adsabs.harvard.edu/abs/2009ApJ...700.1282Y},
  adsnote = {Provided by the SAO/NASA Astrophysics Data System}
}
@ARTICLE{Helmi_2004,
   author = {{Helmi}, A.},
    title = "{Velocity Trends in the Debris of Sagittarius and the Shape of the Dark Matter Halo of Our Galaxy}",
  journal = {\apjl},
   eprint = {arXiv:astro-ph/0406396},
 keywords = {Cosmology: Dark Matter, Galaxy: Fundamental Parameters, Galaxy: Halo, Galaxy: Kinematics and Dynamics, Galaxy: Structure},
     year = 2004,
    month = aug,
   volume = 610,
    pages = {L97-L100},
      doi = {10.1086/423340},
   adsurl = {http://adsabs.harvard.edu/abs/2004ApJ...610L..97H},
  adsnote = {Provided by the SAO/NASA Astrophysics Data System}
}
@ARTICLE{Fellhauer;et-al_2006,
   author = {{Fellhauer}, M. and {Belokurov}, V. and {Evans}, N.~W. and {Wilkinson}, M.~I. and 
	{Zucker}, D.~B. and {Gilmore}, G. and {Irwin}, M.~J. and {Bramich}, D.~M. and 
	{Vidrih}, S. and {Wyse}, R.~F.~G. and {Beers}, T.~C. and {Brinkmann}, J.
	},
    title = "{The Origin of the Bifurcation in the Sagittarius Stream}",
  journal = {\apj},
   eprint = {arXiv:astro-ph/0605026},
 keywords = {Galaxies: Dwarf, galaxies: individual (Sgr dSph), Galaxy: Halo, Galaxy: Structure},
     year = 2006,
    month = nov,
   volume = 651,
    pages = {167-173},
      doi = {10.1086/507128},
   adsurl = {http://adsabs.harvard.edu/abs/2006ApJ...651..167F},
  adsnote = {Provided by the SAO/NASA Astrophysics Data System}
}

@ARTICLE{Goswami;et-al_2010,
   author = {{Goswami}, A. and {Karinkuzhi}, D. and {Shantikumar}, N.~S.},
    title = "{The CH fraction of carbon stars at high Galactic latitudes}",
  journal = {\mnras},
archivePrefix = "arXiv",
   eprint = {0912.4347},
 primaryClass = "astro-ph.SR",
 keywords = {stars: AGB and post-AGB, stars: carbon, stars: fundamental parameters, stars: Population II, stars: variables: other},
     year = 2010,
    month = feb,
   volume = 402,
    pages = {1111-1125},
      doi = {10.1111/j.1365-2966.2009.15939.x},
   adsurl = {http://adsabs.harvard.edu/abs/2010MNRAS.402.1111G},
  adsnote = {Provided by the SAO/NASA Astrophysics Data System}
}

@ARTICLE{Kerr;Lynden-Bell_1986,
   author = {{Kerr}, F.~J. and {Lynden-Bell}, D.},
    title = "{Review of galactic constants}",
  journal = {\mnras},
 keywords = {ASTROPHYSICS, CONSTANTS, MILKY WAY GALAXY, GALACTIC ROTATION, MASS DISTRIBUTION, OORT CLOUD, RADIAL VELOCITY, STELLAR MOTIONS, SUN, VARIABLE STARS},
     year = 1986,
    month = aug,
   volume = 221,
    pages = {1023-1038},
   adsurl = {http://adsabs.harvard.edu/abs/1986MNRAS.221.1023K},
  adsnote = {Provided by the SAO/NASA Astrophysics Data System}
}

@ARTICLE{Mihalas;Binney_1981,
   author = {{Mihalas}, D. and {Binney}, J.},
    title = "{Book-Review - Galactic Astronomy - Structure and Kinematics}",
  journal = {Science},
     year = 1981,
    month = nov,
   volume = 214,
    pages = {829-+},
   adsurl = {http://adsabs.harvard.edu/abs/1981Sci...214..829M},
  adsnote = {Provided by the SAO/NASA Astrophysics Data System}
}

@ARTICLE{Skrutskie;et-al_2006,
   author = {{Skrutskie}, M.~F. and {Cutri}, R.~M. and {Stiening}, R. and 
	{Weinberg}, M.~D. and {Schneider}, S. and {Carpenter}, J.~M. and 
	{Beichman}, C. and {Capps}, R. and {Chester}, T. and {Elias}, J. and 
	{Huchra}, J. and {Liebert}, J. and {Lonsdale}, C. and {Monet}, D.~G. and 
	{Price}, S. and {Seitzer}, P. and {Jarrett}, T. and {Kirkpatrick}, J.~D. and 
	{Gizis}, J.~E. and {Howard}, E. and {Evans}, T. and {Fowler}, J. and 
	{Fullmer}, L. and {Hurt}, R. and {Light}, R. and {Kopan}, E.~L. and 
	{Marsh}, K.~A. and {McCallon}, H.~L. and {Tam}, R. and {Van Dyk}, S. and 
	{Wheelock}, S.},
    title = "{The Two Micron All Sky Survey (2MASS)}",
  journal = {\aj},
 keywords = {Catalogs, Infrared: General, Surveys},
     year = {2006},
    month = feb,
   volume = 131,
    pages = {1163-1183},
      doi = {10.1086/498708},
   adsurl = {http://adsabs.harvard.edu/abs/2006AJ....131.1163S},
  adsnote = {Provided by the SAO/NASA Astrophysics Data System}
}
@ARTICLE{Eggen;Lynden-Bell;Sandage_1962,
   author = {{Eggen}, O.~J. and {Lynden-Bell}, D. and {Sandage}, A.~R.},
    title = "{Evidence from the motions of old stars that the Galaxy collapsed.}",
  journal = {\apj},
     year = 1962,
    month = nov,
   volume = 136,
    pages = {748-+},
      doi = {10.1086/147433},
   adsurl = {http://adsabs.harvard.edu/abs/1962ApJ...136..748E},
  adsnote = {Provided by the SAO/NASA Astrophysics Data System}
}
@ARTICLE{Searle;Zinn_1978,
   author = {{Searle}, L. and {Zinn}, R.},
    title = "{Compositions of halo clusters and the formation of the galactic halo}",
  journal = {\apj},
 keywords = {ABUNDANCE, GALACTIC STRUCTURE, GLOBULAR CLUSTERS, HALOS, MILKY WAY GALAXY, RED GIANT STARS, STELLAR SPECTRA, CARBON, DWARF STARS, GALACTIC EVOLUTION, NITROGEN, OXYGEN},
     year = 1978,
    month = oct,
   volume = 225,
    pages = {357-379},
      doi = {10.1086/156499},
   adsurl = {http://adsabs.harvard.edu/abs/1978ApJ...225..357S},
  adsnote = {Provided by the SAO/NASA Astrophysics Data System}
}
@ARTICLE{Carollo;et-al_2007,
   author = {{Carollo}, D. and {Beers}, T.~C. and {Lee}, Y.~S. and {Chiba}, M. and 
	{Norris}, J.~E. and {Wilhelm}, R. and {Sivarani}, T. and {Marsteller}, B. and 
	{Munn}, J.~A. and {Bailer-Jones}, C.~A.~L. and {Fiorentin}, P.~R. and 
	{York}, D.~G.},
    title = "{Two stellar components in the halo of the Milky Way}",
  journal = {\nat},
archivePrefix = "arXiv",
   eprint = {0706.3005},
     year = 2007,
    month = dec,
   volume = 450,
    pages = {1020-1025},
      doi = {10.1038/nature06460},
   adsurl = {http://adsabs.harvard.edu/abs/2007Natur.450.1020C},
  adsnote = {Provided by the SAO/NASA Astrophysics Data System}
}
@ARTICLE{Ibata;et-al_1994,
   author = {{Ibata}, R.~A. and {Gilmore}, G. and {Irwin}, M.~J.},
    title = "{A dwarf satellite galaxy in Sagittarius}",
  journal = {\nat},
     year = 1994,
    month = jul,
   volume = 370,
    pages = {194-196},
      doi = {10.1038/370194a0},
   adsurl = {http://adsabs.harvard.edu/abs/1994Natur.370..194I},
  adsnote = {Provided by the SAO/NASA Astrophysics Data System}
}
@ARTICLE{Majewski;et-al_2003,
   author = {{Majewski}, S.~R. and {Skrutskie}, M.~F. and {Weinberg}, M.~D. and 
	{Ostheimer}, J.~C.},
    title = "{A Two Micron All Sky Survey View of the Sagittarius Dwarf Galaxy. I. Morphology of the Sagittarius Core and Tidal Arms}",
  journal = {\apj},
   eprint = {arXiv:astro-ph/0304198},
 keywords = {Galaxies: Individual: Name: Sagittarius Dwarf, Galaxies: Stellar Content, Galaxy: Halo, Galaxy: Kinematics and Dynamics, Galaxy: Structure, Galaxies: Local Group},
     year = 2003,
    month = dec,
   volume = 599,
    pages = {1082-1115},
      doi = {10.1086/379504},
   adsurl = {http://adsabs.harvard.edu/abs/2003ApJ...599.1082M},
  adsnote = {Provided by the SAO/NASA Astrophysics Data System}
}

@ARTICLE{grillmair_johnson_2006,
   author = {{Grillmair}, C.~J. and {Johnson}, R.},
    title = "{The Detection of a 45{\deg} Tidal Stream Associated with the Globular Cluster NGC 5466}",
  journal = {\apjl},
   eprint = {arXiv:astro-ph/0602602},
 keywords = {Galaxy: Halo, Galaxy: Structure, Galaxy: Globular Clusters: General, Galaxy: Globular Clusters: Individual: NGC Number: NGC 5272, Galaxy: Globular Clusters: Individual: NGC Number: NGC 5466},
     year = 2006,
    month = mar,
   volume = 639,
    pages = {L17-L20},
      doi = {10.1086/501439},
   adsurl = {http://adsabs.harvard.edu/abs/2006ApJ...639L..17G},
  adsnote = {Provided by the SAO/NASA Astrophysics Data System}
}


@ARTICLE{grillmair_dionatos_2006a,
   author = {{Grillmair}, C.~J. and {Dionatos}, O.},
    title = "{A 22{\deg} Tidal Tail for Palomar 5}",
  journal = {\apjl},
   eprint = {arXiv:astro-ph/0603062},
 keywords = {Galaxy: Halo, Galaxy: Structure, Galaxy: Globular Clusters: General, Galaxy: Globular Clusters:: Individual Name: Palomar 5},
     year = 2006,
    month = apr,
   volume = 641,
    pages = {L37-L39},
      doi = {10.1086/503744},
   adsurl = {http://adsabs.harvard.edu/abs/2006ApJ...641L..37G},
  adsnote = {Provided by the SAO/NASA Astrophysics Data System}
}

@ARTICLE{grillmair_dionatos_2006b,
   author = {{Grillmair}, C.~J. and {Dionatos}, O.},
    title = "{Detection of a 63{\deg} Cold Stellar Stream in the Sloan Digital Sky Survey}",
  journal = {\apjl},
   eprint = {arXiv:astro-ph/0604332},
 keywords = {Galaxy: Halo, Galaxy: Structure, Galaxy: Globular Clusters: General},
     year = 2006,
    month = may,
   volume = 643,
    pages = {L17-L20},
      doi = {10.1086/505111},
   adsurl = {http://adsabs.harvard.edu/abs/2006ApJ...643L..17G},
  adsnote = {Provided by the SAO/NASA Astrophysics Data System}
}


@ARTICLE{grillmair_2006,
   author = {{Grillmair}, C.~J.},
    title = "{Detection of a 60{\deg}-long Dwarf Galaxy Debris Stream}",
  journal = {\apjl},
   eprint = {arXiv:astro-ph/0605396},
 keywords = {Galaxy: Halo, Galaxy: Structure, Galaxy: Globular Clusters: General},
     year = 2006,
    month = jul,
   volume = 645,
    pages = {L37-L40},
      doi = {10.1086/505863},
   adsurl = {http://adsabs.harvard.edu/abs/2006ApJ...645L..37G},
  adsnote = {Provided by the SAO/NASA Astrophysics Data System}
}


@ARTICLE{newberg;et-al_2010,
   author = {{Newberg}, H.~J. and {Willett}, B.~A. and {Yanny}, B. and {Xu}, Y.
	},
    title = "{The Orbit of the Orphan Stream}",
  journal = {\apj},
archivePrefix = "arXiv",
   eprint = {1001.0576},
 primaryClass = "astro-ph.GA",
 keywords = {Galaxy: halo, Galaxy: structure, stars: kinematics and dynamics},
     year = 2010,
    month = mar,
   volume = 711,
    pages = {32-49},
      doi = {10.1088/0004-637X/711/1/32},
   adsurl = {http://adsabs.harvard.edu/abs/2010ApJ...711...32N},
  adsnote = {Provided by the SAO/NASA Astrophysics Data System}
}


@ARTICLE{Newberg;et-al_2007,
   author = {{Newberg}, H.~J. and {Yanny}, B. and {Cole}, N. and {Beers}, T.~C. and 
	{Re Fiorentin}, P. and {Schneider}, D.~P. and {Wilhelm}, R.},
    title = "{The Overdensity in Virgo, Sagittarius Debris, and the Asymmetric Spheroid}",
  journal = {\apj},
archivePrefix = "arXiv",
   eprint = {0706.3391},
 keywords = {Galaxies: Individual: Name: Sagittarius, Galaxy: Halo, Galaxy: Structure},
     year = 2007,
    month = oct,
   volume = 668,
    pages = {221-235},
      doi = {10.1086/521068},
   adsurl = {http://adsabs.harvard.edu/abs/2007ApJ...668..221N},
  adsnote = {Provided by the SAO/NASA Astrophysics Data System}
}
@ARTICLE{Bellazzini;et-al_2003,
   author = {{Bellazzini}, M. and {Ibata}, R. and {Ferraro}, F.~R. and {Testa}, V.
	},
    title = "{Tracing the Sgr Stream with 2MASS. Detection of Stream stars around Outer Halo globular clusters}",
  journal = {\aap},
   eprint = {arXiv:astro-ph/0304502},
 keywords = {Galaxy: halo, Galaxy: structure, globular clusters: individual: Pal 12, NGC 4147},
     year = 2003,
    month = jul,
   volume = 405,
    pages = {577-583},
      doi = {10.1051/0004-6361:20030649},
   adsurl = {http://adsabs.harvard.edu/abs/2003A%26A...405..577B},
  adsnote = {Provided by the SAO/NASA Astrophysics Data System}
}
@ARTICLE{Sirko;et-al_2004,
   author = {{Sirko}, E. and {Goodman}, J. and {Knapp}, G.~R. and {Brinkmann}, J. and 
	{Ivezi{\'c}}, {\v Z}. and {Knerr}, E.~J. and {Schlegel}, D. and 
	{Schneider}, D.~P. and {York}, D.~G.},
    title = "{Blue Horizontal-Branch Stars in the Sloan Digital Sky Survey. I. Sample Selection and Structure in the Galactic Halo}",
  journal = {\aj},
   eprint = {arXiv:astro-ph/0311324},
 keywords = {Galaxy: Halo, Galaxy: Structure, Stars: Horizontal-Branch},
     year = 2004,
    month = feb,
   volume = 127,
    pages = {899-913},
      doi = {10.1086/381483},
   adsurl = {http://adsabs.harvard.edu/abs/2004AJ....127..899S},
  adsnote = {Provided by the SAO/NASA Astrophysics Data System}
}
@ARTICLE{Totten;Irwin_1998,
   author = {{Totten}, E.~J. and {Irwin}, M.~J.},
    title = "{The APM survey for cool carbon stars in the Galactic halo. I}",
  journal = {\mnras},
 keywords = {CARBON STARS, COOL STARS, GALACTIC HALOS, SKY SURVEYS (ASTRONOMY), MILKY WAY GALAXY, STELLAR SPECTROPHOTOMETRY, STAR FORMATION},
     year = 1998,
    month = feb,
   volume = 294,
    pages = {1-+},
      doi = {10.1046/j.1365-8711.1998.01086.x},
   adsurl = {http://adsabs.harvard.edu/abs/1998MNRAS.294....1T},
  adsnote = {Provided by the SAO/NASA Astrophysics Data System}
}
@ARTICLE{Ibata;et-al_2001,
   author = {{Ibata}, R. and {Lewis}, G.~F. and {Irwin}, M. and {Totten}, E. and 
	{Quinn}, T.},
    title = "{Great Circle Tidal Streams: Evidence for a Nearly Spherical Massive Dark Halo around the Milky Way}",
  journal = {\apj},
   eprint = {arXiv:astro-ph/0004011},
 keywords = {Galaxies: Kinematics and Dynamics, Galaxy: Formation, Galaxy: Halo, Galaxy: Kinematics and Dynamics, Galaxy: Structure, Galaxies: Local Group},
     year = 2001,
    month = apr,
   volume = 551,
    pages = {294-311},
      doi = {10.1086/320060},
   adsurl = {http://adsabs.harvard.edu/abs/2001ApJ...551..294I},
  adsnote = {Provided by the SAO/NASA Astrophysics Data System}
}
@ARTICLE{Vivas;et-al_2005,
   author = {{Vivas}, A.~K. and {Zinn}, R. and {Gallart}, C.},
    title = "{VLT Spectroscopy of RR Lyrae Stars in the Sagittarius Tidal Stream}",
  journal = {\aj},
 keywords = {Galaxies: Individual: Name: Sagittarius, Stars: Abundances, Stars: Kinematics, Stars: Variables: Other},
     year = 2005,
    month = jan,
   volume = 129,
    pages = {189-200},
      doi = {10.1086/426561},
   adsurl = {http://adsabs.harvard.edu/abs/2005AJ....129..189V},
  adsnote = {Provided by the SAO/NASA Astrophysics Data System}
}
@ARTICLE{Watkins;et-al_2009,
   author = {{Watkins}, L.~L. and {Evans}, N.~W. and {Belokurov}, V. and 
	{Smith}, M.~C. and {Hewett}, P.~C. and {Bramich}, D.~M. and 
	{Gilmore}, G.~F. and {Irwin}, M.~J. and {Vidrih}, S. and {Wyrzykowski}, {\L}. and 
	{Zucker}, D.~B.},
    title = "{Substructure revealed by RRLyraes in SDSS Stripe 82}",
  journal = {\mnras},
archivePrefix = "arXiv",
   eprint = {0906.0498},
 primaryClass = "astro-ph.GA",
 keywords = {catalogues , astrometry , stars: variables: other , Galaxy: halo , Galaxy: stellar content , Galaxy: structure},
     year = 2009,
    month = oct,
   volume = 398,
    pages = {1757-1770},
      doi = {10.1111/j.1365-2966.2009.15242.x},
   adsurl = {http://adsabs.harvard.edu/abs/2009MNRAS.398.1757W},
  adsnote = {Provided by the SAO/NASA Astrophysics Data System}
}
@ARTICLE{Armandroff;Da-Costa_1991,
   author = {{Armandroff}, T.~E. and {Da Costa}, G.~S.},
    title = "{Metallicities for old stellar systems from Ca II triplet strengths in member giants}",
  journal = {\aj},
 keywords = {CALCIUM, FINE STRUCTURE, GIANT STARS, GLOBULAR CLUSTERS, LATE STARS, METALLICITY, ABUNDANCE, DWARF GALAXIES, RADIAL VELOCITY, REFERENCE STARS, SPECTRAL LINE WIDTH, STELLAR SPECTRA, STELLAR SYSTEMS},
     year = 1991,
    month = apr,
   volume = 101,
    pages = {1329-1337},
      doi = {10.1086/115769},
   adsurl = {http://adsabs.harvard.edu/abs/1991AJ....101.1329A},
  adsnote = {Provided by the SAO/NASA Astrophysics Data System}
}
@ARTICLE{Cole;et-al_2004,
   author = {{Cole}, A.~A. and {Smecker-Hane}, T.~A. and {Tolstoy}, E. and 
	{Bosler}, T.~L. and {Gallagher}, J.~S.},
    title = "{The effects of age on red giant metallicities derived from the near-infrared CaII triplet}",
  journal = {\mnras},
   eprint = {arXiv:astro-ph/0309614},
 keywords = {techniques: spectroscopic, stars: abundances, stars: late-type, open clusters and associations: individual: Trumpler 5},
     year = 2004,
    month = jan,
   volume = 347,
    pages = {367-379},
      doi = {10.1111/j.1365-2966.2004.07223.x},
   adsurl = {http://adsabs.harvard.edu/abs/2004MNRAS.347..367C},
  adsnote = {Provided by the SAO/NASA Astrophysics Data System}
}
@ARTICLE{Vivas;et-al_2008,
   author = {{Vivas}, A.~K. and {Jaff{\'e}}, Y.~L. and {Zinn}, R. and {Winnick}, R. and 
	{Duffau}, S. and {Mateu}, C.},
    title = "{Spectroscopy of Bright Quest RR Lyrae Stars: Velocity Substructures Toward Virgo}",
  journal = {\aj},
archivePrefix = "arXiv",
   eprint = {0807.1735},
 keywords = {Galaxy: halo, Galaxy: kinematics and dynamics, Galaxy: structure, stars: variables: other},
     year = 2008,
    month = oct,
   volume = 136,
    pages = {1645-1657},
      doi = {10.1088/0004-6256/136/4/1645},
   adsurl = {http://adsabs.harvard.edu/abs/2008AJ....136.1645V},
  adsnote = {Provided by the SAO/NASA Astrophysics Data System}
}
@ARTICLE{Carrera;et-al_2007,
   author = {{Carrera}, R. and {Gallart}, C. and {Pancino}, E. and {Zinn}, R.
	},
    title = "{The Infrared Ca II Triplet as Metallicity Indicator}",
  journal = {\aj},
archivePrefix = "arXiv",
   eprint = {0705.3335},
     year = 2007,
    month = sep,
   volume = 134,
    pages = {1298-+},
      doi = {10.1086/520803},
   adsurl = {http://adsabs.harvard.edu/abs/2007AJ....134.1298C},
  adsnote = {Provided by the SAO/NASA Astrophysics Data System}
}


@ARTICLE{odenkirchen;et-al_2003,
   author = {{Odenkirchen}, M. and {Grebel}, E.~K. and {Dehnen}, W. and {Rix}, H.-W. and 
	{Yanny}, B. and {Newberg}, H.~J. and {Rockosi}, C.~M. and {Mart{\'{\i}}nez-Delgado}, D. and 
	{Brinkmann}, J. and {Pier}, J.~R.},
    title = "{The Extended Tails of Palomar 5: A 10{\deg} Arc of Globular Cluster Tidal Debris}",
  journal = {\aj},
   eprint = {arXiv:astro-ph/0307446},
 keywords = {Galaxy: Halo, Galaxy: Globular Clusters: General, Galaxy: Globular Clusters: Individual: Name: Palomar 5},
     year = 2003,
    month = nov,
   volume = 126,
    pages = {2385-2407},
      doi = {10.1086/378601},
   adsurl = {http://adsabs.harvard.edu/abs/2003AJ....126.2385O},
  adsnote = {Provided by the SAO/NASA Astrophysics Data System}
}

@ARTICLE{xue;et-al_2008,
   author = {{Xue}, X.~X. and {Rix}, H.~W. and {Zhao}, G. and {Re Fiorentin}, P. and 
	{Naab}, T. and {Steinmetz}, M. and {van den Bosch}, F.~C. and 
	{Beers}, T.~C. and {Lee}, Y.~S. and {Bell}, E.~F. and {Rockosi}, C. and 
	{Yanny}, B. and {Newberg}, H. and {Wilhelm}, R. and {Kang}, X. and 
	{Smith}, M.~C. and {Schneider}, D.~P.},
    title = "{The Milky Way's Circular Velocity Curve to 60 kpc and an Estimate of the Dark Matter Halo Mass from the Kinematics of \~{}2400 SDSS Blue Horizontal-Branch Stars}",
  journal = {\apj},
archivePrefix = "arXiv",
   eprint = {0801.1232},
 keywords = {Cosmology: Dark Matter, galaxies: individual (Milky Way), Galaxy: Halo, Stars: Horizontal-Branch, Stars: Kinematics},
     year = 2008,
    month = sep,
   volume = 684,
    pages = {1143-1158},
      doi = {10.1086/589500},
   adsurl = {http://adsabs.harvard.edu/abs/2008ApJ...684.1143X},
  adsnote = {Provided by the SAO/NASA Astrophysics Data System}
}


@ARTICLE{sales;et-al_2008,
   author = {{Sales}, L.~V. and {Helmi}, A. and {Starkenburg}, E. and {Morrison}, H.~L. and 
	{Engle}, E. and {Harding}, P. and {Mateo}, M. and {Olszewski}, E.~W. and 
	{Sivarani}, T.},
    title = "{On the genealogy of the Orphan Stream}",
  journal = {\mnras},
archivePrefix = "arXiv",
   eprint = {0805.0508},
 keywords = {galaxies: evolution , galaxies: formation , galaxies: haloes , galaxies: kinematics and dynamics},
     year = 2008,
    month = sep,
   volume = 389,
    pages = {1391-1398},
      doi = {10.1111/j.1365-2966.2008.13659.x},
   adsurl = {http://adsabs.harvard.edu/abs/2008MNRAS.389.1391S},
  adsnote = {Provided by the SAO/NASA Astrophysics Data System}
}

@ARTICLE{stephens_1999,
   author = {{Stephens}, A.},
    title = "{The Chemical Composition of Halo Stars on Extreme Orbits}",
  journal = {\aj},
 keywords = {GALAXY: EVOLUTION, GALAXY: FORMATION, GALAXY: HALO, STARS: ABUNDANCES},
     year = 1999,
    month = apr,
   volume = 117,
    pages = {1771-1791},
      doi = {10.1086/300806},
   adsurl = {http://adsabs.harvard.edu/abs/1999AJ....117.1771S},
  adsnote = {Provided by the SAO/NASA Astrophysics Data System}
}


@ARTICLE{morrison_1993,
   author = {{Morrison}, H.~L.},
    title = "{The local density of halo giants}",
  journal = {\aj},
 keywords = {GALACTIC HALOS, HORIZONTAL BRANCH STARS, SPATIAL DISTRIBUTION, ERROR ANALYSIS, METALLICITY, STELLAR ATMOSPHERES},
     year = 1993,
    month = aug,
   volume = 106,
    pages = {578-590},
      doi = {10.1086/116662},
   adsurl = {http://adsabs.harvard.edu/abs/1993AJ....106..578M},
  adsnote = {Provided by the SAO/NASA Astrophysics Data System}
}

@ARTICLE{bruns;kroupa_2011,
   author = {{Br{\"u}ns}, R.~C. and {Kroupa}, P.},
    title = "{A New Formation Scenario for the Milky Way Cluster NGC 2419}",
  journal = {\apj},
archivePrefix = "arXiv",
   eprint = {1101.1306},
 primaryClass = "astro-ph.GA",
 keywords = {Galaxy: evolution, globular clusters: individual: NGC2419, methods: numerical},
     year = 2011,
    month = mar,
   volume = 729,
      eid = {69},
    pages = {69},
      doi = {10.1088/0004-637X/729/1/69},
   adsurl = {http://adsabs.harvard.edu/abs/2011ApJ...729...69B},
  adsnote = {Provided by the SAO/NASA Astrophysics Data System}
}

@ARTICLE{Starkenburg;et-al_2009,
   author = {{Starkenburg}, E. and {Helmi}, A. and {Morrison}, H.~L. and 
	{Harding}, P. and {van Woerden}, H. and {Mateo}, M. and {Olszewski}, E.~W. and 
	{Sivarani}, T. and {Norris}, J.~E. and {Freeman}, K.~C. and 
	{Shectman}, S.~A. and {Dohm-Palmer}, R.~C. and {Frey}, L. and 
	{Oravetz}, D.},
    title = "{Mapping the Galactic Halo. VIII. Quantifying Substructure}",
  journal = {\apj},
archivePrefix = "arXiv",
   eprint = {0903.3043},
 primaryClass = "astro-ph.GA",
 keywords = {Galaxy: evolution, Galaxy: formation, Galaxy: halo, Galaxy: kinematics and dynamics},
     year = 2009,
    month = jun,
   volume = 698,
    pages = {567-579},
      doi = {10.1088/0004-637X/698/1/567},
   adsurl = {http://adsabs.harvard.edu/abs/2009ApJ...698..567S},
  adsnote = {Provided by the SAO/NASA Astrophysics Data System}
}
@ARTICLE{Casetti-Dinescu;et-al_2009,
   author = {{Casetti-Dinescu}, D.~I. and {Girard}, T.~M. and {Majewski}, S.~R. and 
	{Vivas}, A.~K. and {Wilhelm}, R. and {Carlin}, J.~L. and {Beers}, T.~C. and 
	{van Altena}, W.~F.},
    title = "{Proper Motions in Kapteyn Selected Area 103: A Preliminary Orbit for the Virgo Stellar Stream}",
  journal = {\apjl},
archivePrefix = "arXiv",
   eprint = {0907.1249},
 primaryClass = "astro-ph.GA",
 keywords = {Galaxy: halo, Galaxy: kinematics and dynamics, Galaxy: structure},
     year = 2009,
    month = aug,
   volume = 701,
    pages = {L29-L33},
      doi = {10.1088/0004-637X/701/1/L29},
   adsurl = {http://adsabs.harvard.edu/abs/2009ApJ...701L..29C},
  adsnote = {Provided by the SAO/NASA Astrophysics Data System}
}

@ARTICLE{Starkenburg;et-al_2010,
   author = {{Starkenburg}, E. and {Hill}, V. and {Tolstoy}, E. and {Gonz{\'a}lez Hern{\'a}ndez}, J.~I. and 
	{Irwin}, M. and {Helmi}, A. and {Battaglia}, G. and {Jablonka}, P. and 
	{Tafelmeyer}, M. and {Shetrone}, M. and {Venn}, K. and {de Boer}, T.
	},
    title = "{The NIR Ca ii triplet at low metallicity. Searching for extremely low-metallicity stars in classical dwarf galaxies}",
  journal = {\aap},
archivePrefix = "arXiv",
   eprint = {1002.2963},
 primaryClass = "astro-ph.SR",
 keywords = {stars: abundances, galaxies: dwarf, galaxies: evolution, Local Group, Galaxy: formation},
     year = 2010,
    month = apr,
   volume = 513,
    pages = {A34},
      doi = {10.1051/0004-6361/200913759},
   adsurl = {http://adsabs.harvard.edu/abs/2010A%26A...513A..34S},
  adsnote = {Provided by the SAO/NASA Astrophysics Data System}
}
@ARTICLE{Rutledge;Hesser;Stetson_1997,
   author = {{Rutledge}, G.~A. and {Hesser}, J.~E. and {Stetson}, P.~B.},
    title = "{Galactic Globular Cluster Metallicity Scale from the Ca II Triplet II. Rankings, Comparisons, and Puzzles}",
  journal = {\pasp},
   eprint = {arXiv:astro-ph/9707068},
 keywords = {GLOBULAR CLUSTERS: GENERAL, GALAXY: FORMATION},
     year = 1997,
    month = aug,
   volume = 109,
    pages = {907-919},
      doi = {10.1086/133959},
   adsurl = {http://adsabs.harvard.edu/abs/1997PASP..109..907R},
  adsnote = {Provided by the SAO/NASA Astrophysics Data System}
}
@ARTICLE{York;et-al_2000,
   author = {{York}, D.~G. and {Adelman}, J. and {Anderson}, Jr., J.~E. and 
	{Anderson}, S.~F. and {Annis}, J. and {Bahcall}, N.~A. and {Bakken}, J.~A. and 
	{Barkhouser}, R. and {Bastian}, S. and {Berman}, E. and {Boroski}, W.~N. and 
	{Bracker}, S. and {Briegel}, C. and {Briggs}, J.~W. and {Brinkmann}, J. and 
	{Brunner}, R. and {Burles}, S. and {Carey}, L. and {Carr}, M.~A. and 
	{Castander}, F.~J. and {Chen}, B. and {Colestock}, P.~L. and 
	{Connolly}, A.~J. and {Crocker}, J.~H. and {Csabai}, I. and 
	{Czarapata}, P.~C. and {Davis}, J.~E. and {Doi}, M. and {Dombeck}, T. and 
	{Eisenstein}, D. and {Ellman}, N. and {Elms}, B.~R. and {Evans}, M.~L. and 
	{Fan}, X. and {Federwitz}, G.~R. and {Fiscelli}, L. and {Friedman}, S. and 
	{Frieman}, J.~A. and {Fukugita}, M. and {Gillespie}, B. and 
	{Gunn}, J.~E. and {Gurbani}, V.~K. and {de Haas}, E. and {Haldeman}, M. and 
	{Harris}, F.~H. and {Hayes}, J. and {Heckman}, T.~M. and {Hennessy}, G.~S. and 
	{Hindsley}, R.~B. and {Holm}, S. and {Holmgren}, D.~J. and {Huang}, {C.-h.} and 
	{Hull}, C. and {Husby}, D. and {Ichikawa}, {S.-I.} and {Ichikawa}, T. and 
	{Ivezi{\'c}}, {\v Z}. and {Kent}, S. and {Kim}, R.~S.~J. and 
	{Kinney}, E. and {Klaene}, M. and {Kleinman}, A.~N. and {Kleinman}, S. and 
	{Knapp}, G.~R. and {Korienek}, J. and {Kron}, R.~G. and {Kunszt}, P.~Z. and 
	{Lamb}, D.~Q. and {Lee}, B. and {Leger}, R.~F. and {Limmongkol}, S. and 
	{Lindenmeyer}, C. and {Long}, D.~C. and {Loomis}, C. and {Loveday}, J. and 
	{Lucinio}, R. and {Lupton}, R.~H. and {MacKinnon}, B. and {Mannery}, E.~J. and 
	{Mantsch}, P.~M. and {Margon}, B. and {McGehee}, P. and {McKay}, T.~A. and 
	{Meiksin}, A. and {Merelli}, A. and {Monet}, D.~G. and {Munn}, J.~A. and 
	{Narayanan}, V.~K. and {Nash}, T. and {Neilsen}, E. and {Neswold}, R. and 
	{Newberg}, H.~J. and {Nichol}, R.~C. and {Nicinski}, T. and 
	{Nonino}, M. and {Okada}, N. and {Okamura}, S. and {Ostriker}, J.~P. and 
	{Owen}, R. and {Pauls}, A.~G. and {Peoples}, J. and {Peterson}, R.~L. and 
	{Petravick}, D. and {Pier}, J.~R. and {Pope}, A. and {Pordes}, R. and 
	{Prosapio}, A. and {Rechenmacher}, R. and {Quinn}, T.~R. and 
	{Richards}, G.~T. and {Richmond}, M.~W. and {Rivetta}, C.~H. and 
	{Rockosi}, C.~M. and {Ruthmansdorfer}, K. and {Sandford}, D. and 
	{Schlegel}, D.~J. and {Schneider}, D.~P. and {Sekiguchi}, M. and 
	{Sergey}, G. and {Shimasaku}, K. and {Siegmund}, W.~A. and {Smee}, S. and 
	{Smith}, J.~A. and {Snedden}, S. and {Stone}, R. and {Stoughton}, C. and 
	{Strauss}, M.~A. and {Stubbs}, C. and {SubbaRao}, M. and {Szalay}, A.~S. and 
	{Szapudi}, I. and {Szokoly}, G.~P. and {Thakar}, A.~R. and {Tremonti}, C. and 
	{Tucker}, D.~L. and {Uomoto}, A. and {Vanden Berk}, D. and {Vogeley}, M.~S. and 
	{Waddell}, P. and {Wang}, {S.-i.} and {Watanabe}, M. and {Weinberg}, D.~H. and 
	{Yanny}, B. and {Yasuda}, N.},
    title = "{The Sloan Digital Sky Survey: Technical Summary}",
  journal = {\aj},
   eprint = {arXiv:astro-ph/0006396},
 keywords = {Cosmology: Observations, Instrumentation: Miscellaneous},
     year = 2000,
    month = sep,
   volume = 120,
    pages = {1579-1587},
      doi = {10.1086/301513},
   adsurl = {http://adsabs.harvard.edu/abs/2000AJ....120.1579Y},
  adsnote = {Provided by the SAO/NASA Astrophysics Data System}
}
@ARTICLE{Law;et-al_2009,
   author = {{Law}, D.~R. and {Majewski}, S.~R. and {Johnston}, K.~V.},
    title = "{Evidence for a Triaxial Milky Way Dark Matter Halo from the Sagittarius Stellar Tidal Stream}",
  journal = {\apjl},
archivePrefix = "arXiv",
   eprint = {0908.3187},
 primaryClass = "astro-ph.GA",
 keywords = {Galaxy: halo, Galaxy: kinematics and dynamics, Galaxy: structure},
     year = 2009,
    month = sep,
   volume = 703,
    pages = {L67-L71},
      doi = {10.1088/0004-637X/703/1/L67},
   adsurl = {http://adsabs.harvard.edu/abs/2009ApJ...703L..67L},
  adsnote = {Provided by the SAO/NASA Astrophysics Data System}
}
@ARTICLE{Law;et-al_2005,
   author = {{Law}, D.~R. and {Johnston}, K.~V. and {Majewski}, S.~R.},
    title = "{A Two Micron All-Sky Survey View of the Sagittarius Dwarf Galaxy. IV. Modeling the Sagittarius Tidal Tails}",
  journal = {\apj},
   eprint = {arXiv:astro-ph/0407566},
 keywords = {Galaxies: Individual: Name: Sagittarius, Galaxies: Stellar Content, Galaxy: Halo, Galaxy: Kinematics and Dynamics, Galaxy: Structure, Galaxies: Local Group},
     year = 2005,
    month = feb,
   volume = 619,
    pages = {807-823},
      doi = {10.1086/426779},
   adsurl = {http://adsabs.harvard.edu/abs/2005ApJ...619..807L},
  adsnote = {Provided by the SAO/NASA Astrophysics Data System}
}
@ARTICLE{Ibata;Lewis_1998,
   author = {{Ibata}, R.~A. and {Lewis}, G.~F.},
    title = "{Galactic Indigestion: Numerical Simulations of the Milky Way's Closest Neighbor}",
  journal = {\apj},
   eprint = {arXiv:astro-ph/9802212},
 keywords = {CELESTIAL MECHANICS, STELLAR DYNAMICS, COSMOLOGY: DARK MATTER, GALAXIES: INTERACTIONS, GALAXIES: MAGELLANIC CLOUDS, METHODS: NUMERICAL},
     year = 1998,
    month = jun,
   volume = 500,
    pages = {575-+},
      doi = {10.1086/305773},
   adsurl = {http://adsabs.harvard.edu/abs/1998ApJ...500..575I},
  adsnote = {Provided by the SAO/NASA Astrophysics Data System}
}
@ARTICLE{Helmi;White_1999,
   author = {{Helmi}, A. and {White}, S.~D.~M.},
    title = "{Building up the stellar halo of the Galaxy}",
  journal = {\mnras},
   eprint = {arXiv:astro-ph/9901102},
     year = 1999,
    month = aug,
   volume = 307,
    pages = {495-517},
      doi = {10.1046/j.1365-8711.1999.02616.x},
   adsurl = {http://adsabs.harvard.edu/abs/1999MNRAS.307..495H},
  adsnote = {Provided by the SAO/NASA Astrophysics Data System}
}
@ARTICLE{Prior;et-al_2009a,
   author = {{Prior}, S.~L. and {Da Costa}, G.~S. and {Keller}, S.~C. and 
	{Murphy}, S.~J.},
    title = "{Extending the Virgo Stellar Stream with SEKBO Survey RR Lyrae Stars}",
  journal = {\apj},
 keywords = {Galaxy: halo, Galaxy: kinematics and dynamics, Galaxy: structure, stars: variables: other},
     year = 2009,
    month = jan,
   volume = 691,
    pages = {306-319},
      doi = {10.1088/0004-637X/691/1/306},
   adsurl = {http://adsabs.harvard.edu/abs/2009ApJ...691..306P},
  adsnote = {Provided by the SAO/NASA Astrophysics Data System}
}
@ARTICLE{Prior;et-al_2009b,
   author = {{Prior}, S.~L. and {Da Costa}, G.~S. and {Keller}, S.~C.},
    title = "{Exploring the Sagittarius Stream With SEKBO Survey RR Lyrae Stars}",
  journal = {\apj},
archivePrefix = "arXiv",
   eprint = {0909.1635},
 primaryClass = "astro-ph.GA",
 keywords = {Galaxy: halo, Galaxy: kinematics and dynamics, Galaxy: structure, stars: variables: other},
     year = 2009,
    month = oct,
   volume = 704,
    pages = {1327-1340},
      doi = {10.1088/0004-637X/704/2/1327},
   adsurl = {http://adsabs.harvard.edu/abs/2009ApJ...704.1327P},
  adsnote = {Provided by the SAO/NASA Astrophysics Data System}
}
@ARTICLE{Carollo;et-al_2010,
   author = {{Carollo}, D. and {Beers}, T.~C. and {Chiba}, M. and {Norris}, J.~E. and 
	{Freeman}, K.~C. and {Lee}, Y.~S. and {Ivezi{\'c}}, {\v Z}. and 
	{Rockosi}, C.~M. and {Yanny}, B.},
    title = "{Structure and Kinematics of the Stellar Halos and Thick Disks of the Milky Way Based on Calibration Stars from Sloan Digital Sky Survey DR7}",
  journal = {\apj},
archivePrefix = "arXiv",
   eprint = {0909.3019},
 primaryClass = "astro-ph.GA",
 keywords = {Galaxy: disk, Galaxy: formation, Galaxy: halo, Galaxy: kinematics and dynamics, methods: data analysis, stars: abundances},
     year = 2010,
    month = mar,
   volume = 712,
    pages = {692-727},
      doi = {10.1088/0004-637X/712/1/692},
   adsurl = {http://adsabs.harvard.edu/abs/2010ApJ...712..692C},
  adsnote = {Provided by the SAO/NASA Astrophysics Data System}
}
@ARTICLE{Newberg;et-al_2003,
   author = {{Newberg}, H.~J. and {Yanny}, B. and {Grebel}, E.~K. and {Hennessy}, G. and 
	{Ivezi{\'c}}, {\v Z}. and {Martinez-Delgado}, D. and {Odenkirchen}, M. and 
	{Rix}, {H.-W.} and {Brinkmann}, J. and {Lamb}, D.~Q. and {Schneider}, D.~P. and 
	{York}, D.~G.},
    title = "{Sagittarius Tidal Debris 90 Kiloparsecs from the Galactic Center}",
  journal = {\apjl},
   eprint = {arXiv:astro-ph/0309162},
 keywords = {Galaxies: Individual: Name: Sagittarius, Galaxy: Halo, Galaxy: Structure},
     year = 2003,
    month = oct,
   volume = 596,
    pages = {L191-L194},
      doi = {10.1086/379316},
   adsurl = {http://adsabs.harvard.edu/abs/2003ApJ...596L.191N},
  adsnote = {Provided by the SAO/NASA Astrophysics Data System}
}
@ARTICLE{Newberg;et-al_2002,
   author = {{Newberg}, H.~J. and {Yanny}, B. and {Rockosi}, C. and {Grebel}, E.~K. and 
	{Rix}, {H.-W.} and {Brinkmann}, J. and {Csabai}, I. and {Hennessy}, G. and 
	{Hindsley}, R.~B. and {Ibata}, R. and {Ivezi{\'c}}, Z. and {Lamb}, D. and 
	{Nash}, E.~T. and {Odenkirchen}, M. and {Rave}, H.~A. and {Schneider}, D.~P. and 
	{Smith}, J.~A. and {Stolte}, A. and {York}, D.~G.},
    title = "{The Ghost of Sagittarius and Lumps in the Halo of the Milky Way}",
  journal = {\apj},
   eprint = {arXiv:astro-ph/0111095},
 keywords = {Galaxy: Halo, Galaxy: Structure},
     year = 2002,
    month = apr,
   volume = 569,
    pages = {245-274},
      doi = {10.1086/338983},
   adsurl = {http://adsabs.harvard.edu/abs/2002ApJ...569..245N},
  adsnote = {Provided by the SAO/NASA Astrophysics Data System}
}
@ARTICLE{Dahn;et-al_1977,
   author = {{Dahn}, C.~C. and {Liebert}, J. and {Kron}, R.~G. and {Spinrad}, H. and 
	{Hintzen}, P.~M.},
    title = "{G77-61 - A dwarf carbon star}",
  journal = {\apj},
 keywords = {CARBON STARS, DWARF STARS, STELLAR EVOLUTION, STELLAR MOTIONS, ABUNDANCE, ASTROMETRY, BALMER SERIES, BINARY STARS, LINE SPECTRA, METALLIC STARS, PARALLAX, SPECTROPHOTOMETRY, STELLAR ENVELOPES, STELLAR MASS EJECTION},
     year = 1977,
    month = sep,
   volume = 216,
    pages = {757-766},
      doi = {10.1086/155518},
   adsurl = {http://adsabs.harvard.edu/abs/1977ApJ...216..757D},
  adsnote = {Provided by the SAO/NASA Astrophysics Data System}
}
@ARTICLE{Green;et-al_1994,
   author = {{Green}, P.~J. and {Margon}, B. and {Anderson}, S.~F. and {Cook}, K.~H.
	},
    title = "{A CCD survey for faint high-latitude carbon stars}",
  journal = {\apj},
 keywords = {CARBON STARS, FAINT OBJECTS, GALACTIC HALOS, MILKY WAY GALAXY, SKY SURVEYS (ASTRONOMY), ASTRONOMICAL PHOTOMETRY, CHARGE COUPLED DEVICES, GALACTIC EVOLUTION, GALACTIC STRUCTURE, GLOBULAR CLUSTERS, KINEMATICS},
     year = 1994,
    month = oct,
   volume = 434,
    pages = {319-329},
      doi = {10.1086/174730},
   adsurl = {http://adsabs.harvard.edu/abs/1994ApJ...434..319G},
  adsnote = {Provided by the SAO/NASA Astrophysics Data System}
}
@ARTICLE{Deutsch_1994,
   author = {{Deutsch}, E.~W.},
    title = "{Positions and proper motions of dwarf carbon stars}",
  journal = {\pasp},
 keywords = {ASTROMETRY, CARBON STARS, DWARF STARS, SKY SURVEYS (ASTRONOMY), STELLAR MOTIONS, STELLAR PARALLAX, ASTRONOMICAL COORDINATES, ASTRONOMICAL MAPS, CHARGE COUPLED DEVICES, DATA REDUCTION, IMAGE ANALYSIS},
     year = 1994,
    month = nov,
   volume = 106,
    pages = {1134-1137},
      doi = {10.1086/133489},
   adsurl = {http://adsabs.harvard.edu/abs/1994PASP..106.1134D},
  adsnote = {Provided by the SAO/NASA Astrophysics Data System}
}

@ARTICLE{Harding_1962,
   author = {{Harding}, G.~A.},
    title = "{A CH star in omega Centauri}",
  journal = {The Observatory},
     year = 1962,
    month = oct,
   volume = 82,
    pages = {205-207},
   adsurl = {http://adsabs.harvard.edu/abs/1962Obs....82..205H},
  adsnote = {Provided by the SAO/NASA Astrophysics Data System}
}

@ARTICLE{Green;et-al_1992,
   author = {{Green}, P.~J. and {Margon}, B. and {Anderson}, S.~F. and {MacConnell}, D.~J.
	},
    title = "{Carbon star luminosity indicators}",
  journal = {\apj},
 keywords = {CARBON STARS, GIANT STARS, STELLAR LUMINOSITY, STELLAR MOTIONS, STELLAR SPECTRA, INFRARED ASTRONOMY, STELLAR COLOR},
     year = 1992,
    month = dec,
   volume = 400,
    pages = {659-664},
      doi = {10.1086/172027},
   adsurl = {http://adsabs.harvard.edu/abs/1992ApJ...400..659G},
  adsnote = {Provided by the SAO/NASA Astrophysics Data System}
}

@ARTICLE{Juric;et-al_2008,
   author = {{Juri{\'c}}, M. and {Ivezi{\'c}}, {\v Z}. and {Brooks}, A. and 
	{Lupton}, R.~H. and {Schlegel}, D. and {Finkbeiner}, D. and 
	{Padmanabhan}, N. and {Bond}, N. and {Sesar}, B. and {Rockosi}, C.~M. and 
	{Knapp}, G.~R. and {Gunn}, J.~E. and {Sumi}, T. and {Schneider}, D.~P. and 
	{Barentine}, J.~C. and {Brewington}, H.~J. and {Brinkmann}, J. and 
	{Fukugita}, M. and {Harvanek}, M. and {Kleinman}, S.~J. and 
	{Krzesinski}, J. and {Long}, D. and {Neilsen}, Jr., E.~H. and 
	{Nitta}, A. and {Snedden}, S.~A. and {York}, D.~G.},
    title = "{The Milky Way Tomography with SDSS. I. Stellar Number Density Distribution}",
  journal = {\apj},
   eprint = {arXiv:astro-ph/0510520},
 keywords = {Galaxy: Disk, Galaxy: Fundamental Parameters, Galaxy: Halo, Galaxy: Structure},
     year = 2008,
    month = feb,
   volume = 673,
    pages = {864-914},
      doi = {10.1086/523619},
   adsurl = {http://adsabs.harvard.edu/abs/2008ApJ...673..864J},
  adsnote = {Provided by the SAO/NASA Astrophysics Data System}
}
@ARTICLE{Ivezic;et-al_2000,
   author = {{Ivezi{\'c}}, {\v Z}. and {Goldston}, J. and {Finlator}, K. and 
	{Knapp}, G.~R. and {Yanny}, B. and {McKay}, T.~A. and {Amrose}, S. and 
	{Krisciunas}, K. and {Willman}, B. and {Anderson}, S. and {Schaber}, C. and 
	{Erb}, D. and {Logan}, C. and {Stubbs}, C. and {Chen}, B. and 
	{Neilsen}, E. and {Uomoto}, A. and {Pier}, J.~R. and {Fan}, X. and 
	{Gunn}, J.~E. and {Lupton}, R.~H. and {Rockosi}, C.~M. and {Schlegel}, D. and 
	{Strauss}, M.~A. and {Annis}, J. and {Brinkmann}, J. and {Csabai}, I. and 
	{Doi}, M. and {Fukugita}, M. and {Hennessy}, G.~S. and {Hindsley}, R.~B. and 
	{Margon}, B. and {Munn}, J.~A. and {Newberg}, H.~J. and {Schneider}, D.~P. and 
	{Smith}, J.~A. and {Szokoly}, G.~P. and {Thakar}, A.~R. and 
	{Vogeley}, M.~S. and {Waddell}, P. and {Yasuda}, N. and {York}, D.~G.
	},
    title = "{Candidate RR Lyrae Stars Found in Sloan Digital Sky Survey Commissioning Data}",
  journal = {\aj},
   eprint = {arXiv:astro-ph/0004130},
 keywords = {Galaxy: Halo, Galaxy: Stellar Content, Galaxy: Structure, Stars: Variables: RR Lyrae Variable},
     year = 2000,
    month = aug,
   volume = 120,
    pages = {963-977},
      doi = {10.1086/301455},
   adsurl = {http://adsabs.harvard.edu/abs/2000AJ....120..963I},
  adsnote = {Provided by the SAO/NASA Astrophysics Data System}
}
@ARTICLE{Martinez-Delgado;et-al_2004,
   author = {{Mart{\'{\i}}nez-Delgado}, D. and {G{\'o}mez-Flechoso}, M.~{\'A}. and 
	{Aparicio}, A. and {Carrera}, R.},
    title = "{Tracing Out the Northern Tidal Stream of the Sagittarius Dwarf Spheroidal Galaxy}",
  journal = {\apj},
   eprint = {arXiv:astro-ph/0308009},
 keywords = {Galaxies: Individual: Name: Sagittarius, Galaxies: Interactions, Galaxy: Evolution, Galaxy: Formation, Galaxy: Halo, Galaxy: Structure},
     year = 2004,
    month = jan,
   volume = 601,
    pages = {242-259},
      doi = {10.1086/380298},
   adsurl = {http://adsabs.harvard.edu/abs/2004ApJ...601..242M},
  adsnote = {Provided by the SAO/NASA Astrophysics Data System}
}


@ARTICLE{casey;et-al_2013a,
   author = {{Casey}, A.~R. and {Da Costa}, G. and {Keller}, S.~C. and {Maunder}, E.
	},
    title = "{Hunting the Parent of the Orphan Stream: Identifying Stream Members from Low-resolution Spectroscopy}",
  journal = {\apj},
archivePrefix = "arXiv",
   eprint = {1301.1343},
 primaryClass = "astro-ph.GA",
 keywords = {galaxies: individual: Orphan Stream, Galaxy: halo, Galaxy: structure, stars: individual: K-giants },
     year = 2013,
    month = feb,
   volume = 764,
      eid = {39},
    pages = {39},
      doi = {10.1088/0004-637X/764/1/39},
   adsurl = {http://adsabs.harvard.edu/abs/2013ApJ...764...39C},
  adsnote = {Provided by the SAO/NASA Astrophysics Data System}
}


@ARTICLE{venn;et-al_2004,
   author = {{Venn}, K.~A. and {Irwin}, M. and {Shetrone}, M.~D. and {Tout}, C.~A. and 
	{Hill}, V. and {Tolstoy}, E.},
    title = "{Stellar Chemical Signatures and Hierarchical Galaxy Formation}",
  journal = {\aj},
   eprint = {arXiv:astro-ph/0406120},
 keywords = {Galaxies: Abundances, Galaxies: Dwarf, Galaxies: Formation, Galaxy: Abundances, Galaxy: Disk, Galaxy: Halo, Galaxy: Stellar Content, Galaxies: Local Group, Stars: Abundances, Stars: Kinematics},
     year = 2004,
    month = sep,
   volume = 128,
    pages = {1177-1195},
      doi = {10.1086/422734},
   adsurl = {http://adsabs.harvard.edu/abs/2004AJ....128.1177V},
  adsnote = {Provided by the SAO/NASA Astrophysics Data System}
}

@ARTICLE{Johnston;et-al_2005,
   author = {{Johnston}, K.~V. and {Law}, D.~R. and {Majewski}, S.~R.},
    title = "{A Two Micron All Sky Survey View of the Sagittarius Dwarf Galaxy. III. Constraints on the Flattening of the Galactic Halo}",
  journal = {\apj},
   eprint = {arXiv:astro-ph/0407565},
 keywords = {Galaxies: Individual: Name: Sagittarius, Galaxies: Stellar Content, Galaxy: Halo, Galaxy: Kinematics and Dynamics, Galaxy: Structure, Galaxies: Local Group},
     year = 2005,
    month = feb,
   volume = 619,
    pages = {800-806},
      doi = {10.1086/426777},
   adsurl = {http://adsabs.harvard.edu/abs/2005ApJ...619..800J},
  adsnote = {Provided by the SAO/NASA Astrophysics Data System}
}
@ARTICLE{Belokurov;et-al_2006,
   author = {{Belokurov}, V. and {Zucker}, D.~B. and {Evans}, N.~W. and {Gilmore}, G. and 
	{Vidrih}, S. and {Bramich}, D.~M. and {Newberg}, H.~J. and {Wyse}, R.~F.~G. and 
	{Irwin}, M.~J. and {Fellhauer}, M. and {Hewett}, P.~C. and {Walton}, N.~A. and 
	{Wilkinson}, M.~I. and {Cole}, N. and {Yanny}, B. and {Rockosi}, C.~M. and 
	{Beers}, T.~C. and {Bell}, E.~F. and {Brinkmann}, J. and {Ivezi{\'c}}, {\v Z}. and 
	{Lupton}, R.},
    title = "{The Field of Streams: Sagittarius and Its Siblings}",
  journal = {\apjl},
   eprint = {arXiv:astro-ph/0605025},
 keywords = {Galaxies: Individual: Name: Sagittarius dSph, Galaxies: Kinematics and Dynamics, Galaxies: Structure, Galaxy: Halo, Galaxies: Local Group},
     year = 2006,
    month = may,
   volume = 642,
    pages = {L137-L140},
      doi = {10.1086/504797},
   adsurl = {http://adsabs.harvard.edu/abs/2006ApJ...642L.137B},
  adsnote = {Provided by the SAO/NASA Astrophysics Data System}
}
@ARTICLE{Jester;et-al_2005,
   author = {{Jester}, S. and {Schneider}, D.~P. and {Richards}, G.~T. and 
	{Green}, R.~F. and {Schmidt}, M. and {Hall}, P.~B. and {Strauss}, M.~A. and 
	{Vanden Berk}, D.~E. and {Stoughton}, C. and {Gunn}, J.~E. and 
	{Brinkmann}, J. and {Kent}, S.~M. and {Smith}, J.~A. and {Tucker}, D.~L. and 
	{Yanny}, B.},
    title = "{The Sloan Digital Sky Survey View of the Palomar-Green Bright Quasar Survey}",
  journal = {\aj},
   eprint = {arXiv:astro-ph/0506022},
 keywords = {Catalogs, Galaxies: Active, Galaxies: Quasars: Emission Lines, Galaxies: Quasars: General, Surveys},
     year = 2005,
    month = sep,
   volume = 130,
    pages = {873-895},
      doi = {10.1086/432466},
   adsurl = {http://adsabs.harvard.edu/abs/2005AJ....130..873J},
  adsnote = {Provided by the SAO/NASA Astrophysics Data System}
}
@ARTICLE{Schlegel;Finkbeiner;Davis_1998,
   author = {{Schlegel}, D.~J. and {Finkbeiner}, D.~P. and {Davis}, M.},
    title = "{Maps of Dust Infrared Emission for Use in Estimation of Reddening and Cosmic Microwave Background Radiation Foregrounds}",
  journal = {\apj},
   eprint = {arXiv:astro-ph/9710327},
 keywords = {COSMOLOGY: DIFFUSE RADIATION, COSMOLOGY: COSMIC MICROWAVE BACKGROUND, ISM: DUST, EXTINCTION, INTERPLANETARY MEDIUM, INFRARED: ISM: CONTINUUM},
     year = 1998,
    month = jun,
   volume = 500,
    pages = {525-+},
      doi = {10.1086/305772},
   adsurl = {http://adsabs.harvard.edu/abs/1998ApJ...500..525S},
  adsnote = {Provided by the SAO/NASA Astrophysics Data System}
}
@ARTICLE{Bellazzini;et-al_2006,
   author = {{Bellazzini}, M. and {Correnti}, M. and {Ferraro}, F.~R. and 
	{Monaco}, L. and {Montegriffo}, P.},
    title = "{The age of the main population of the Sagittarius dwarf spheroidal galaxy. Solving the ''M giant conundrum''}",
  journal = {\aap},
   eprint = {arXiv:astro-ph/0512109},
 keywords = {Galaxies: dwarf, Galaxies: evolution, stars: abundances},
     year = 2006,
    month = feb,
   volume = 446,
    pages = {L1-L4},
      doi = {10.1051/0004-6361:200500223},
   adsurl = {http://adsabs.harvard.edu/abs/2006A%26A...446L...1B},
  adsnote = {Provided by the SAO/NASA Astrophysics Data System}
}

@ARTICLE{Siegel;et-al_2007,
   author = {{Siegel}, M.~H. and {Dotter}, A. and {Majewski}, S.~R. and {Sarajedini}, A. and 
	{Chaboyer}, B. and {Nidever}, D.~L. and {Anderson}, J. and {Mar{\'{\i}}n-Franch}, A. and 
	{Rosenberg}, A. and {Bedin}, L.~R. and {Aparicio}, A. and {King}, I. and 
	{Piotto}, G. and {Reid}, I.~N.},
    title = "{The ACS Survey of Galactic Globular Clusters: M54 and Young Populations in the Sagittarius Dwarf Spheroidal Galaxy}",
  journal = {\apjl},
archivePrefix = "arXiv",
   eprint = {0708.0027},
 keywords = {Galaxies: Individual: Name: Sagittarius, Galaxies: Star Clusters, Galaxies: Stellar Content, Galaxy: Globular Clusters: Individual: Messier Number: M54},
     year = 2007,
    month = sep,
   volume = 667,
    pages = {L57-L60},
      doi = {10.1086/522003},
   adsurl = {http://adsabs.harvard.edu/abs/2007ApJ...667L..57S},
  adsnote = {Provided by the SAO/NASA Astrophysics Data System}
}
@ARTICLE{Law;Majewski_2010,
   author = {{Law}, D.~R. and {Majewski}, S.~R.},
    title = "{The Sagittarius Dwarf Galaxy: A Model for Evolution in a Triaxial Milky Way Halo}",
  journal = {\apj},
archivePrefix = "arXiv",
   eprint = {1003.1132},
 primaryClass = "astro-ph.GA",
 keywords = {dark matter, galaxies: individual: Sagittarius, Galaxy: kinematics and dynamics, Galaxy: structure},
     year = 2010,
    month = may,
   volume = 714,
    pages = {229-254},
      doi = {10.1088/0004-637X/714/1/229},
   adsurl = {http://adsabs.harvard.edu/abs/2010ApJ...714..229L},
  adsnote = {Provided by the SAO/NASA Astrophysics Data System}
}
@ARTICLE{Keller;et-al_2009,
   author = {{Keller}, S.~C. and {Da Costa}, G.~S. and {Prior}, S.~L.},
    title = "{Stellar overdensities in the halo: the extent of the Virgo overdensity}",
  journal = {\mnras},
archivePrefix = "arXiv",
   eprint = {0901.2145},
 primaryClass = "astro-ph.GA",
 keywords = {Galaxy: halo , Galaxy: structure},
     year = 2009,
    month = apr,
   volume = 394,
    pages = {1045-1050},
      doi = {10.1111/j.1365-2966.2009.14393.x},
   adsurl = {http://adsabs.harvard.edu/abs/2009MNRAS.394.1045K},
  adsnote = {Provided by the SAO/NASA Astrophysics Data System}
}
@ARTICLE{Keller_2010,
   author = {{Keller}, S.~C.},
    title = "{Stellar Over-Densities in the Outer Halo of the MilkyWay}",
  journal = {\pasa},
archivePrefix = "arXiv",
   eprint = {0911.0951},
 primaryClass = "astro-ph.GA",
 keywords = {Galaxy: halo, Galaxy: structure},
     year = 2010,
    month = mar,
   volume = 27,
    pages = {45-55},
      doi = {10.1071/AS09037},
   adsurl = {http://adsabs.harvard.edu/abs/2010PASA...27...45K},
  adsnote = {Provided by the SAO/NASA Astrophysics Data System}
}
@ARTICLE{Bell;et-al_2008,
   author = {{Bell}, E.~F. and {Zucker}, D.~B. and {Belokurov}, V. and {Sharma}, S. and 
	{Johnston}, K.~V. and {Bullock}, J.~S. and {Hogg}, D.~W. and 
	{Jahnke}, K. and {de Jong}, J.~T.~A. and {Beers}, T.~C. and 
	{Evans}, N.~W. and {Grebel}, E.~K. and {Ivezi{\'c}}, {\v Z}. and 
	{Koposov}, S.~E. and {Rix}, {H.-W.} and {Schneider}, D.~P. and 
	{Steinmetz}, M. and {Zolotov}, A.},
    title = "{The Accretion Origin of the Milky Way's Stellar Halo}",
  journal = {\apj},
archivePrefix = "arXiv",
   eprint = {0706.0004},
 keywords = {Galaxies: Halos, Galaxy: Evolution, Galaxy: Formation, Galaxy: General, Galaxy: Halo, Galaxy: Structure},
     year = 2008,
    month = jun,
   volume = 680,
    pages = {295-311},
      doi = {10.1086/588032},
   adsurl = {http://adsabs.harvard.edu/abs/2008ApJ...680..295B},
  adsnote = {Provided by the SAO/NASA Astrophysics Data System}
}

@ARTICLE{Vivas;et-al_2001,
   author = {{Vivas}, A.~K. and {Zinn}, R. and {Andrews}, P. and {Bailyn}, C. and 
	{Baltay}, C. and {Coppi}, P. and {Ellman}, N. and {Girard}, T. and 
	{Rabinowitz}, D. and {Schaefer}, B. and {Shin}, J. and {Snyder}, J. and 
	{Sofia}, S. and {van Altena}, W. and {Abad}, C. and {Bongiovanni}, A. and 
	{Brice{\~n}o}, C. and {Bruzual}, G. and {Della Prugna}, F. and 
	{Herrera}, D. and {Magris}, G. and {Mateu}, J. and {Pacheco}, R. and 
	{S{\'a}nchez}, G. and {S{\'a}nchez}, G. and {Schenner}, H. and 
	{Stock}, J. and {Vicente}, B. and {Vieira}, K. and {Ferr{\'{\i}}n}, I. and 
	{Hernandez}, J. and {Gebhard}, M. and {Honeycutt}, R. and {Mufson}, S. and 
	{Musser}, J. and {Rengstorf}, A.},
    title = "{The QUEST RR Lyrae Survey: Confirmation of the Clump at 50 Kiloparsecs and Other Overdensities in the Outer Halo}",
  journal = {\apjl},
   eprint = {arXiv:astro-ph/0105135},
 keywords = {Galaxies: Individual: Name: Sagittarius, Galaxy: Halo, Galaxy: Structure, Stars: Variables: Other},
     year = 2001,
    month = jun,
   volume = 554,
    pages = {L33-L36},
      doi = {10.1086/320915},
   adsurl = {http://adsabs.harvard.edu/abs/2001ApJ...554L..33V},
  adsnote = {Provided by the SAO/NASA Astrophysics Data System}
}
@INPROCEEDINGS{Zinn;et-al_2004,
   author = {{Zinn}, R. and {Vivas}, A.~K. and {Gallart}, C. and {Winnick}, R.
	},
    title = "{Halo Substructure in the QUEST RR Lyrae Survey}",
booktitle = {Satellites and Tidal Streams},
     year = 2004,
   series = {Astronomical Society of the Pacific Conference Series},
   volume = 327,
   eprint = {arXiv:astro-ph/0309827},
   editor = "{F.~Prada, D.~Martinez Delgado, \& T.~J.~Mahoney}",
    month = dec,
    pages = {92},
   adsurl = {http://adsabs.harvard.edu/abs/2004ASPC..327...92Z},
  adsnote = {Provided by the SAO/NASA Astrophysics Data System}
}
@ARTICLE{Duffau;et-al_2006,
   author = {{Duffau}, S. and {Zinn}, R. and {Vivas}, A.~K. and {Carraro}, G. and 
	{M{\'e}ndez}, R.~A. and {Winnick}, R. and {Gallart}, C.},
    title = "{Spectroscopy of QUEST RR Lyrae Variables: The New Virgo Stellar Stream}",
  journal = {\apjl},
   eprint = {arXiv:astro-ph/0510589},
 keywords = {Galaxy: Halo, Galaxy: Kinematics and Dynamics, Galaxy: Structure, Stars: Variables: Other},
     year = 2006,
    month = jan,
   volume = 636,
    pages = {L97-L100},
      doi = {10.1086/500130},
   adsurl = {http://adsabs.harvard.edu/abs/2006ApJ...636L..97D},
  adsnote = {Provided by the SAO/NASA Astrophysics Data System}
}
@ARTICLE{Ivezic;et-al_2005,
   author = {{Ivezi{\'c}}, {\v Z}. and {Vivas}, A.~K. and {Lupton}, R.~H. and 
	{Zinn}, R.},
    title = "{The Selection of RR Lyrae Stars Using Single-Epoch Data}",
  journal = {\aj},
 keywords = {Galaxy: Halo, Galaxy: Stellar Content, Galaxy: Structure, Stars: Variables: Other},
     year = 2005,
    month = feb,
   volume = 129,
    pages = {1096-1108},
      doi = {10.1086/427392},
   adsurl = {http://adsabs.harvard.edu/abs/2005AJ....129.1096I},
  adsnote = {Provided by the SAO/NASA Astrophysics Data System}
}
@ARTICLE{Majewski;et-al_1999,
   author = {{Majewski}, S.~R. and {Siegel}, M.~H. and {Kunkel}, W.~E. and 
	{Reid}, I.~N. and {Johnston}, K.~V. and {Thompson}, I.~B. and 
	{Landolt}, A.~U. and {Palma}, C.},
    title = "{Starcounts Redivivus. III. A Possible Detection of the Sagittarius Dwarf Spheroidal Galaxy at B=-40 deg}",
  journal = {\aj},
   eprint = {arXiv:astro-ph/9906455},
 keywords = {GALAXIES: INDIVIDUAL: NAME: SAGITTARIUS, GALAXIES: INTERACTIONS, GALAXIES: STRUCTURE, GALAXY: EVOLUTION, GALAXY: FORMATION, GALAXY: HALO, STARS: HORIZONTAL-BRANCH},
     year = 1999,
    month = oct,
   volume = 118,
    pages = {1709-1718},
      doi = {10.1086/301036},
   adsurl = {http://adsabs.harvard.edu/abs/1999AJ....118.1709M},
  adsnote = {Provided by the SAO/NASA Astrophysics Data System}
}
@MISC{Kurucz;Bell_1995,
author = {Kurucz, R.~L. and {Bell}, B.},
year = 1995,
title = "Atomic Line Data",
howpublished  = "Kurucz CD-ROM No. 23",
note = "(Smithsonian Astrophysical Observatory, Cambridge, MA)"
}
@ARTICLE{Fukugita;et-al_1996,
   author = {{Fukugita}, M. and {Ichikawa}, T. and {Gunn}, J.~E. and {Doi}, M. and 
	{Shimasaku}, K. and {Schneider}, D.~P.},
    title = "{The Sloan Digital Sky Survey Photometric System}",
  journal = {\aj},
 keywords = {SURVEYS, INSTRUMENTATION: PHOTOMETERS, TECHNIQUES: PHOTOMETRIC},
     year = 1996,
    month = apr,
   volume = 111,
    pages = {1748-+},
      doi = {10.1086/117915},
   adsurl = {http://adsabs.harvard.edu/abs/1996AJ....111.1748F},
  adsnote = {Provided by the SAO/NASA Astrophysics Data System}
}
@ARTICLE{Dotter;et-al_2008,
   author = {{Dotter}, A. and {Chaboyer}, B. and {Jevremovi{\'c}}, D. and 
	{Kostov}, V. and {Baron}, E. and {Ferguson}, J.~W.},
    title = "{The Dartmouth Stellar Evolution Database}",
  journal = {\apjs},
archivePrefix = "arXiv",
   eprint = {0804.4473},
 keywords = {Galaxy: Globular Clusters: General, Galaxy: Open Clusters and Associations: General, Stars: Evolution},
     year = 2008,
    month = sep,
   volume = 178,
    pages = {89-101},
      doi = {10.1086/589654},
   adsurl = {http://adsabs.harvard.edu/abs/2008ApJS..178...89D},
  adsnote = {Provided by the SAO/NASA Astrophysics Data System}
}

@ARTICLE{Girardi;et-al_2004,
   author = {{Girardi}, L. and {Grebel}, E.~K. and {Odenkirchen}, M. and 
	{Chiosi}, C.},
    title = "{Theoretical isochrones in several photometric systems. II. The Sloan Digital Sky Survey ugriz system}",
  journal = {\aap},
   eprint = {arXiv:astro-ph/0404358},
 keywords = {stars: fundamental parameters, stars: Hertzprung-Russell (HR) and C-M diagrams, galaxies: globular clusters: individual: Palomar 5, galaxies: globular clusters: individual: NGC 2419, galaxies: individual: Draco dSph},
     year = 2004,
    month = jul,
   volume = 422,
    pages = {205-215},
      doi = {10.1051/0004-6361:20040250},
   adsurl = {http://adsabs.harvard.edu/abs/2004A%26A...422..205G},
  adsnote = {Provided by the SAO/NASA Astrophysics Data System}
}

@INPROCEEDINGS{Hinkle;et-al_2003,
   author = {{Hinkle}, K. and {Wallace}, L. and {Livingston}, W. and {Ayres}, T. and 
	{Harmer}, D. and {Valenti}, J.},
    title = "{High Resolution Infrared, Visible and Ultraviolet Spectral Atlases of the Sun and Arcturus}",
 keywords = {{$\alpha$} Cen},
booktitle = {The Future of Cool-Star Astrophysics: 12th Cambridge Workshop on Cool Stars, Stellar Systems, and the Sun },
     year = 2003,
   volume = 12,
   editor = "{A.~Brown, G.~M.~Harper, \& T.~R.~Ayres}",
    month = oct,
    pages = {851-856},
   adsurl = {http://adsabs.harvard.edu/abs/2003csss...12..851H},
  adsnote = {Provided by the SAO/NASA Astrophysics Data System}
}

@ARTICLE{Girardi;et-al_2010,
   author = {{Girardi}, L. and {Williams}, B.~F. and {Gilbert}, K.~M. and 
	{Rosenfield}, P. and {Dalcanton}, J.~J. and {Marigo}, P. and 
	{Boyer}, M.~L. and {Dolphin}, A. and {Weisz}, D.~R. and {Melbourne}, J. and 
	{Olsen}, K.~A.~G. and {Seth}, A.~C. and {Skillman}, E.},
    title = "{The ACS Nearby Galaxy Survey Treasury. IX. Constraining Asymptotic Giant Branch Evolution with Old Metal-poor Galaxies}",
  journal = {\apj},
archivePrefix = "arXiv",
   eprint = {1009.4618},
 primaryClass = "astro-ph.SR",
 keywords = {stars: general },
     year = 2010,
    month = dec,
   volume = 724,
    pages = {1030-1043},
      doi = {10.1088/0004-637X/724/2/1030},
   adsurl = {http://adsabs.harvard.edu/abs/2010ApJ...724.1030G},
  adsnote = {Provided by the SAO/NASA Astrophysics Data System}
}
@ARTICLE{Marigo;et-al_2008,
   author = {{Marigo}, P. and {Girardi}, L. and {Bressan}, A. and {Groenewegen}, M.~A.~T. and 
	{Silva}, L. and {Granato}, G.~L.},
    title = "{Evolution of asymptotic giant branch stars. II. Optical to far-infrared isochrones with improved TP-AGB models}",
  journal = {\aap},
archivePrefix = "arXiv",
   eprint = {0711.4922},
 keywords = {astronomical data bases: miscellaneous, stars: AGB and post-AGB, stars: carbon, stars: evolution, galaxies: Magellanic Clouds, stars: Hertzsprung-Russell (HR) and C-M diagrams},
     year = 2008,
    month = may,
   volume = 482,
    pages = {883-905},
      doi = {10.1051/0004-6361:20078467},
   adsurl = {http://adsabs.harvard.edu/abs/2008A%26A...482..883M},
  adsnote = {Provided by the SAO/NASA Astrophysics Data System}
}

@ARTICLE{de_silva;et-al_2007,
   author = {{De Silva}, G.~M. and {Freeman}, K.~C. and {Bland-Hawthorn}, J. and 
	{Asplund}, M. and {Bessell}, M.~S.},
    title = "{Chemically Tagging the HR 1614 Moving Group}",
  journal = {\aj},
   eprint = {arXiv:astro-ph/0610041},
 keywords = {Galaxy: evolution, open clusters and associations: individual: HR 1614 moving group, stars: abundances},
     year = 2007,
    month = feb,
   volume = 133,
    pages = {694-704},
      doi = {10.1086/510131},
   adsurl = {http://adsabs.harvard.edu/abs/2007AJ....133..694D},
  adsnote = {Provided by the SAO/NASA Astrophysics Data System}
}

@ARTICLE{majewski;et-al_2012,
   author = {{Majewski}, S.~R. and {Nidever}, D.~L. and {Smith}, V.~V. and 
	{Damke}, G.~J. and {Kunkel}, W.~E. and {Patterson}, R.~J. and 
	{Bizyaev}, D. and {Garc{\'{\i}}a P{\'e}rez}, A.~E.},
    title = "{Exploring Halo Substructure with Giant Stars: Substructure in the Local Halo as Seen in the Grid Giant Star Survey Including Extended Tidal Debris from {$\omega$}Centauri}",
  journal = {\apjl},
archivePrefix = "arXiv",
   eprint = {1202.1832},
 primaryClass = "astro-ph.GA",
 keywords = {galaxies: individual: {$\omega$}Centauri, galaxies: interactions, galaxies: kinematics and dynamics, Galaxy: structure},
     year = 2012,
    month = mar,
   volume = 747,
      eid = {L37},
    pages = {L37},
      doi = {10.1088/2041-8205/747/2/L37},
   adsurl = {http://adsabs.harvard.edu/abs/2012ApJ...747L..37M},
  adsnote = {Provided by the SAO/NASA Astrophysics Data System}
}


@ARTICLE{wylie-de-boer;et-al_2010,
   author = {{Wylie-de Boer}, E. and {Freeman}, K. and {Williams}, M.},
    title = "{Evidence of Tidal Debris from {$\omega$} Cen in the Kapteyn Group}",
  journal = {\aj},
archivePrefix = "arXiv",
   eprint = {0910.3735},
 primaryClass = "astro-ph.SR",
 keywords = {globular clusters: general, globular clusters: individual: omega Centauri, stars: abundances},
     year = 2010,
    month = feb,
   volume = 139,
    pages = {636-645},
      doi = {10.1088/0004-6256/139/2/636},
   adsurl = {http://adsabs.harvard.edu/abs/2010AJ....139..636W},
  adsnote = {Provided by the SAO/NASA Astrophysics Data System}
}


@ARTICLE{freeman;bland-hawthorn_2002,
   author = {{Freeman}, K. and {Bland-Hawthorn}, J.},
    title = "{The New Galaxy: Signatures of Its Formation}",
  journal = {\araa},
   eprint = {arXiv:astro-ph/0208106},
 keywords = {osmology, local group, stellar populations, stellar kinematics},
     year = 2002,
   volume = 40,
    pages = {487-537},
      doi = {10.1146/annurev.astro.40.060401.093840},
   adsurl = {http://adsabs.harvard.edu/abs/2002ARA%26A..40..487F},
  adsnote = {Provided by the SAO/NASA Astrophysics Data System}
}


@ARTICLE{morrison;et-al_1993,
   author = {{Morrison}, H.~L.},
    title = "{The local density of halo giants}",
  journal = {\aj},
 keywords = {GALACTIC HALOS, HORIZONTAL BRANCH STARS, SPATIAL DISTRIBUTION, ERROR ANALYSIS, METALLICITY, STELLAR ATMOSPHERES},
     year = 1993,
    month = aug,
   volume = 106,
    pages = {578-590},
      doi = {10.1086/116662},
   adsurl = {http://adsabs.harvard.edu/abs/1993AJ....106..578M},
  adsnote = {Provided by the SAO/NASA Astrophysics Data System}
}


@ARTICLE{johnston_1998,
   author = {{Johnston}, K.~V.},
    title = "{A Prescription for Building the Milky Way's Halo from Disrupted Satellites}",
  journal = {\apj},
   eprint = {arXiv:astro-ph/9710007},
 keywords = {GALAXY: FORMATION, GALAXY: EVOLUTION, GALAXY: HALO, GALAXY: KINEMATICS AND DYNAMICS, GALAXIES: INTERACTIONS, GALAXIES: MAGELLANIC CLOUDS},
     year = 1998,
    month = mar,
   volume = 495,
    pages = {297},
      doi = {10.1086/305273},
   adsurl = {http://adsabs.harvard.edu/abs/1998ApJ...495..297J},
  adsnote = {Provided by the SAO/NASA Astrophysics Data System}
}

@ARTICLE{frebel;et-al_2013a,
   author = {{Frebel}, A. and {Casey}, A.~R. and {Jacobson}, H.~R. and {Yu}, Q.
	},
    title = "{Deriving Stellar Effective Temperatures of Metal-poor Stars with the Excitation Potential Method}",
  journal = {\apj},
archivePrefix = "arXiv",
   eprint = {1304.2396},
 primaryClass = "astro-ph.GA",
 keywords = {stars: abundances, stars: fundamental parameters, stars: Population II },
     year = 2013,
    month = may,
   volume = 769,
      eid = {57},
    pages = {57},
      doi = {10.1088/0004-637X/769/1/57},
   adsurl = {http://adsabs.harvard.edu/abs/2013ApJ...769...57F},
  adsnote = {Provided by the SAO/NASA Astrophysics Data System}
}

@ARTICLE{norris;et-al_2010,
   author = {{Norris}, J.~E. and {Wyse}, R.~F.~G. and {Gilmore}, G. and {Yong}, D. and 
	{Frebel}, A. and {Wilkinson}, M.~I. and {Belokurov}, V. and 
	{Zucker}, D.~B.},
    title = "{Chemical Enrichment in the Faintest Galaxies: The Carbon and Iron Abundance Spreads in the Bo{\"o}tes I Dwarf Spheroidal Galaxy and the Segue 1 System}",
  journal = {\apj},
 keywords = {galaxies: abundances, galaxies: dwarf, galaxies: individual: Bo{\"o}tes I Segue 1, Galaxy: abundances, stars: abundances},
     year = 2010,
    month = nov,
   volume = 723,
    pages = {1632-1650},
      doi = {10.1088/0004-637X/723/2/1632},
   adsurl = {http://adsabs.harvard.edu/abs/2010ApJ...723.1632N},
  adsnote = {Provided by the SAO/NASA Astrophysics Data System}
}

@ARTICLE{simon;et-al_2011,
   author = {{Simon}, J.~D. and {Geha}, M. and {Minor}, Q.~E. and {Martinez}, G.~D. and 
	{Kirby}, E.~N. and {Bullock}, J.~S. and {Kaplinghat}, M. and 
	{Strigari}, L.~E. and {Willman}, B. and {Choi}, P.~I. and {Tollerud}, E.~J. and 
	{Wolf}, J.},
    title = "{A Complete Spectroscopic Survey of the Milky Way Satellite Segue 1: The Darkest Galaxy}",
  journal = {\apj},
archivePrefix = "arXiv",
   eprint = {1007.4198},
 primaryClass = "astro-ph.GA",
 keywords = {dark matter, galaxies: dwarf, galaxies: individual: Segue 1, galaxies: kinematics and dynamics, Local Group},
     year = 2011,
    month = may,
   volume = 733,
      eid = {46},
    pages = {46},
      doi = {10.1088/0004-637X/733/1/46},
   adsurl = {http://adsabs.harvard.edu/abs/2011ApJ...733...46S},
  adsnote = {Provided by the SAO/NASA Astrophysics Data System}
}


@ARTICLE{tonry;davis_1978,
   author = {{Tonry}, J. and {Davis}, M.},
    title = "{A survey of galaxy redshifts. I - Data reduction techniques}",
  journal = {\aj},
 keywords = {ASTRONOMICAL SPECTROSCOPY, DATA REDUCTION, GALAXIES, RED SHIFT, CROSS CORRELATION, ERROR ANALYSIS, MICROWAVE SPECTRA, SIGNAL TO NOISE RATIOS, SPIRAL GALAXIES, TELESCOPES},
     year = 1979,
    month = oct,
   volume = 84,
    pages = {1511-1525},
      doi = {10.1086/112569},
   adsurl = {http://adsabs.harvard.edu/abs/1979AJ.....84.1511T},
  adsnote = {Provided by the SAO/NASA Astrophysics Data System}
}


@ARTICLE{Jin;Lynden-Bell_2007,
   author = {{Jin}, S. and {Lynden-Bell}, D.},
    title = "{Are Complex A and the Orphan stream related?}",
  journal = {\mnras},
   eprint = {arXiv:astro-ph/0703397},
 keywords = {methods: analytical, ISM: clouds, ISM: kinematics and dynamics, Galaxy: halo, Galaxy: structure},
     year = 2007,
    month = jun,
   volume = 378,
    pages = {L64-L66},
      doi = {10.1111/j.1745-3933.2007.00321.x},
   adsurl = {http://adsabs.harvard.edu/abs/2007MNRAS.378L..64J},
  adsnote = {Provided by the SAO/NASA Astrophysics Data System}
}

@ARTICLE{Norris;et-al_1996,
   author = {{Norris}, J.~E. and {Ryan}, S.~G. and {Beers}, T.~C.},
    title = "{Extremely Metal-poor Stars. I. Spectroscopic Data}",
  journal = {\apjs},
 keywords = {NUCLEAR REACTIONS, NUCLEOSYNTHESIS, ABUNDANCES, STARS: ABUNDANCES, STARS: POPULATION II},
     year = 1996,
    month = nov,
   volume = 107,
    pages = {391},
      doi = {10.1086/192368},
   adsurl = {http://adsabs.harvard.edu/abs/1996ApJS..107..391N},
  adsnote = {Provided by the SAO/NASA Astrophysics Data System}
}

@ARTICLE{Starkenburg;et-al_2010,
   author = {{Starkenburg}, E. and {Hill}, V. and {Tolstoy}, E. and {Gonz{\'a}lez Hern{\'a}ndez}, J.~I. and 
	{Irwin}, M. and {Helmi}, A. and {Battaglia}, G. and {Jablonka}, P. and 
	{Tafelmeyer}, M. and {Shetrone}, M. and {Venn}, K. and {de Boer}, T.
	},
    title = "{The NIR Ca ii triplet at low metallicity. Searching for extremely low-metallicity stars in classical dwarf galaxies}",
  journal = {\aap},
archivePrefix = "arXiv",
   eprint = {1002.2963},
 primaryClass = "astro-ph.SR",
 keywords = {stars: abundances, galaxies: dwarf, galaxies: evolution, Local Group, Galaxy: formation},
     year = 2010,
    month = apr,
   volume = 513,
      eid = {A34},
    pages = {A34},
      doi = {10.1051/0004-6361/200913759},
   adsurl = {http://adsabs.harvard.edu/abs/2010A%26A...513A..34S},
  adsnote = {Provided by the SAO/NASA Astrophysics Data System}
}

@ARTICLE{Casey;et-al_2012,
   author = {{Casey}, A.~R. and {Keller}, S.~C. and {Da Costa}, G.},
    title = "{Kinematics and Chemistry of Halo Substructures: The Vicinity of the Virgo Overdensity}",
  journal = {\aj},
archivePrefix = "arXiv",
   eprint = {1202.0274},
 primaryClass = "astro-ph.SR",
 keywords = {Galaxy: halo, Galaxy: structure, stars: kinematics and dynamics},
     year = 2012,
    month = apr,
   volume = 143,
      eid = {88},
    pages = {88},
      doi = {10.1088/0004-6256/143/4/88},
   adsurl = {http://adsabs.harvard.edu/abs/2012AJ....143...88C},
  adsnote = {Provided by the SAO/NASA Astrophysics Data System}
}
@ARTICLE{Hambly;et-al_2001,
   author = {{Hambly}, N.~C. and {MacGillivray}, H.~T. and {Read}, M.~A. and 
	{Tritton}, S.~B. and {Thomson}, E.~B. and {Kelly}, B.~D. and 
	{Morgan}, D.~H. and {Smith}, R.~E. and {Driver}, S.~P. and {Williamson}, J. and 
	{Parker}, Q.~A. and {Hawkins}, M.~R.~S. and {Williams}, P.~M. and 
	{Lawrence}, A.},
    title = "{The SuperCOSMOS Sky Survey - I. Introduction and description}",
  journal = {\mnras},
   eprint = {arXiv:astro-ph/0108286},
 keywords = {astronomical data bases: miscellaneous; catalogues; surveys; stars: general; galaxies: general; cosmology: observations},
     year = 2001,
    month = oct,
   volume = 326,
    pages = {1279-1294},
      doi = {10.1111/j.1365-8711.2001.04660.x},
   adsurl = {http://adsabs.harvard.edu/abs/2001MNRAS.326.1279H},
  adsnote = {Provided by the SAO/NASA Astrophysics Data System}
}

@ARTICLE{Zucker;et-al_2006,
   author = {{Zucker}, D.~B. and {Belokurov}, V. and {Evans}, N.~W. and {Kleyna}, J.~T. and 
	{Irwin}, M.~J. and {Wilkinson}, M.~I. and {Fellhauer}, M. and 
	{Bramich}, D.~M. and {Gilmore}, G. and {Newberg}, H.~J. and 
	{Yanny}, B. and {Smith}, J.~A. and {Hewett}, P.~C. and {Bell}, E.~F. and 
	{Rix}, H.-W. and {Gnedin}, O.~Y. and {Vidrih}, S. and {Wyse}, R.~F.~G. and 
	{Willman}, B. and {Grebel}, E.~K. and {Schneider}, D.~P. and 
	{Beers}, T.~C. and {Kniazev}, A.~Y. and {Barentine}, J.~C. and 
	{Brewington}, H. and {Brinkmann}, J. and {Harvanek}, M. and 
	{Kleinman}, S.~J. and {Krzesinski}, J. and {Long}, D. and {Nitta}, A. and 
	{Snedden}, S.~A.},
    title = "{A Curious Milky Way Satellite in Ursa Major}",
  journal = {\apjl},
   eprint = {arXiv:astro-ph/0606633},
 keywords = {Galaxies: Dwarf, galaxies: individual (Ursa Major II), Galaxies: Local Group},
     year = 2006,
    month = oct,
   volume = 650,
    pages = {L41-L44},
      doi = {10.1086/508628},
   adsurl = {http://adsabs.harvard.edu/abs/2006ApJ...650L..41Z},
  adsnote = {Provided by the SAO/NASA Astrophysics Data System}
}

@ARTICLE{fellhaur;et-al_2007,
   author = {{Fellhauer}, M. and {Evans}, N.~W. and {Belokurov}, V. and {Zucker}, D.~B. and 
	{Yanny}, B. and {Wilkinson}, M.~I. and {Gilmore}, G. and {Irwin}, M.~J. and 
	{Bramich}, D.~M. and {Vidrih}, S. and {Hewett}, P. and {Beers}, T.
	},
    title = "{Is Ursa Major II the progenitor of the Orphan Stream?}",
  journal = {\mnras},
   eprint = {arXiv:astro-ph/0611157},
 keywords = {methods: N-body simulations, galaxies: dwarf, galaxies: evolution, galaxies: individual: UMa II, galaxies: kinematics and dynamics},
     year = 2007,
    month = mar,
   volume = 375,
    pages = {1171-1179},
      doi = {10.1111/j.1365-2966.2006.11404.x},
   adsurl = {http://adsabs.harvard.edu/abs/2007MNRAS.375.1171F},
  adsnote = {Provided by the SAO/NASA Astrophysics Data System}
}

@ARTICLE{Francois_1996,
   author = {{Francois}, P.},
    title = "{Abundance of barium in metal poor stars.}",
  journal = {\aap},
 keywords = {STARS: POPULATION II, ABUNDANCES},
     year = 1996,
    month = sep,
   volume = 313,
    pages = {229-233},
   adsurl = {http://adsabs.harvard.edu/abs/1996A%26A...313..229F},
  adsnote = {Provided by the SAO/NASA Astrophysics Data System}
}


