

\begin{comment}
HD 142948 4870 / 1.45 / 2.20 / -0.78 / 0.40

Fe I: 6.72 +/- 0.14 (104 lines)
SOC: 0.00, 6.70, 0.00 // -0.02, 6.62, -0.01 // 1.03e-04

Fe II: 6.73 +/- 0.18 (13 lines)
SOC: 0.04, 6.94, 0.04 // 1.52e-04, 5.93, 0.60

HD 141531 4330 / 1.80 / 0.90 / -1.74 / 0.40

Fe I: 5.78 +/- 0.11 (100 lines)
SOC: 0.00, 5.77, 0.01 // 0.03, 5.90, 0.04 // 3.22e-05, 5.59, 0.21

Fe II: 5.86 +/- 0.10 (11 lines)
SOC: 0.04, 6.04, 0.10 // 8.61e-05, 5.40, 0.61



HD 41667 4600 / 1.50 / 1.70 / -1.23 / 0.40

Fe I: 6.27 +/- 0.11 (85 lines)
SOC: 0.00, 6.29, -0.04 // -0.01, 6.26, -0.00 // 7.05e-05, 5.89, 0.44

Fe II: 6.30 +/- 0.09 (7 lines)
SOC: // 0.17, 7.10, 0.34 // 1.87e-05, 6.20, 0.12


HD 44007 4800 / 1.55 / 1.80 / -1.77 / 0.40

Fe I: 5.72 +/- 0.10 (135 lines)
SOC: -0.01, 5.73, -0.06 // -0.01, 5.68, -0.01 // 2.33e-05, 5.59, 0.17

Fe II: 5.70 +/- 0.11 (14 lines)
SOC: 0.08, 6.11, 0.21 // 2.81e-05, 5.56, 0.17


HD 136316 4370 K / 1.95 / 1.00 / -1.99 / 0.00

Fe I: 5.53 +/- 0.10 (102 lines)
SOC: 0.00, 5.53, -0.05 // 0.00, 5.53, 0.01 // 2.20e-05, 5.40, 0.16

Fe II: 5.50 +/- 0.08 (10 lines)
SOC: 0.02, 5.58, 0.07 // 9.39e-05, 5.00, 0.69



HD59984 5750 K, 1.55 vt, 3.55 logg -0.95,+0.40,
================================================
Fe I EPS 6.52 +/- 0.16 (210 lines)
Slope, Offset, Corr: 0.01, 6.53, 0.05

Fe I REW
Slope, Offset, Corr: 0.0, 6.55, 0.00

Fe I lambda
Slope, Offset, Corr: 3.84e-05, 6.35, 0.17

Fe II EPS 6.53 +/- 0.18 (22 lines)

Fe II REW
Slope, Offset, Corr: 0.07, 6.94, 0.09

Fe II lambda
Slope, Offset, Corr: 1.41e-04, 5.91, 0.36


OSS 1:
161.71091670000001 -0.2216389
SDSS DR 8 closest source is 3.793" away, and 17.47 mag in g
ugriz: 18.823 17.467 16.934 16.712 16.597
No reddenning corrected for, Jester 2005 transformations
UBVRI = 18.06255 17.88487 17.14253 16.68055 16.24855
B -V = 0.74
Estimating a [Fe/H] = -1.9 and using Alonso et al 1999 eq 4 yields 4986 K

With the red arm only:
5110 / 1.20 / 3.10 / -1.14 / 0.40
(with [Fe/H] = -1.14, the estimated temp from photometry is 5014 K)

Fe I Abundance 6.42 +/- 0.19 (106 lines)
S, O, C: 0.00, 6.41, 0.01

Reduced EW S, O, C: 0.10, 6.87, 0.08

Lambda S, O, C: 9.41e-05, 5.89, 0.28

Fe II Abundance: 6.44 +/- 0.17 (8 lines)

Reduced EW S, O, C: -0.09, 6.01, -0.09

Lamba S, O, C: 1.64e-04, 5.53, 0.53

Wiith the red and blue, starting at 5000K, -1.9

5070 / 1.6 / 2.9 / -1.4 / 0.40

Fe I Abundance: 6.15 +/- 0.25 (117 lines)
SOC: 0.01, 6.12, 0.03

Reduced EW SOC: 0.00, 6.12, 0.00
Lambda SOC: 1.41e-04, 5.42, 0.42

Fe II Abundance: 6.14 +/- 0.19 (19 lines)

Reduced EW SOC: -0.04, 5.95, -0.05
Lambda SOC: 1.09e-04, 5.61, 0.41

Followed from this (USING RED AND BLUE data) and excluded outliers.

5040 / 1.4 / 2.8 / -1.2 / 0.40 ("FINAL" files) <-- doesn't quite fit on isochrone, but close-ish
Fe I abundance: 6.24 +/- 0.16 (149 lines)
SOC: 0.02, 6.18, 0.13
REW SOC: 0.03, 6.39, 0.04
Lambda SOC: 0.81e-05, 5.78, 0.38

Fe II abundance: 6.19 +/- 0.16 (15 lines)
REW SOC: 0.03, 6.33, 0.04
Lambda SOC: 1.08e-04, 5.65, 0.46


ALPHA ELEMENTS 
==============


Mg I: 6.56 +/- 0.10 (4 lines), Solar 7.60 +/- 0.04
Inspected all four line profiles; they look perfect.
SOC: // // 4.51e-05, 6.29, 0.29
[Mg I/Fe] = 0.16 +/- 0.10

Si I: 6.57 +/- 0.23 (4 lines), Solar 7.51 +/- 0.03
Inspected all four line profiles; they all look great (one is 'reasonable')
SOC: 0.04, 6.36, 0.22 // 0.17, 7.37, 0.28 // 7.75e-05, 6.11, 0.23
[Si I/Fe] = 0.26 +/- 0.23

Ca I: 5.48 +/- 0.14 (14 lines), Solar 6.34 +/- 0.04
Inspected all lines; they all look good.
SOC: // // 1.44e-04, 4.60, 0.70
[Ca I/Fe] = 0.34 +/- 0.14

Ti I: 3.73 +/- 0.15 (21 lines) Solar 4.95 +/- 0.05
Inspected all lines; they all look good.
SOC: // 0.36, 5.49, 0.42 // 2.94e-05, 3.59, 0.08
[Ti I/Fe] = -0.02 +/- 0.15

Ti II: 3.91 +/- 0.10 (25 lines) Solar 4.95 +/- 0.05
SOC: -0.02, 3.91, -0.09 // 0.22, 4.93, 0.43 // -2.70e-05, 4.01, -0.10
[Ti II/Fe] = 0.16 +/- 0.10



OSS 2: JMK = 0.633 (no reddenning correction)
4571.9947676752899 K using Alonso 1999 paper
SDSS (DR8) u g r i z -- searched at 161.8240417 0.4185833, found source 2.05" away
18.063 16.252 15.479, 15.146, 14.950

inspected all profiles + saved only Fe ones that were good in red + blue
================================================
4600 K, 1.85, 0.80, -1.77, 0.40

Fe I: 5.73 +/- 0.14 (139 lines)

Fe I EPS
S, O, C: 0.00, 5.72, 0.01

Fe I REW
S, O, C: -0.03, 5.58, -0.04

Fe I Lambda:
S, O, C: 3.98e-05, 5.51, 0.21

Fe II: 5.72 +/- 0.16 (21 lines)

Fe II EPS: None

Fe II REW S, O, C: 0.03, 5.84, 0.05

Fe II Lambda: 2.1e-05, 5.58, 0.09

=================================
Incorporating isochrones in:
4550 K / 1.85 / 0.8 / -1.80 / 0.40

Fe I Abundance: 5.71 +/- 0.16 (112 lines)
Fe I EPS S, O, C: 0.01, 5.66, 0.10

Fe I REW S, O, C: -0.03, 5.54, -0.04

Fe I Lambda: 8.01e-06, 5.66, 0.03

Fe II Abundance: 5.75 +/- 0.10 (8 lines)

Fe II REW S, O, C: 0.35, 7.52, 0.68

Fe II Lambda = -1.29e-04, 6.48, -0.70

Loaded in all local line list from OSS2/os_4_all_global_auto.moogew

ALPHA ELEMENTS
Ne, Mg, Si, S, Ar, Ca, Ti


Ne I, II -- no lines present in line list

Mg I: 5.90 +/- 0.10 (6 lines), Solar 7.60 +/- 0.04
Inspected all six line profiles; they look perfect.
SOC: 0.05, 5.74, 0.35 // 0.00, 5.93, 0.00 // 3.03e-05, 5.77, 0.15
[Mg I/Fe] = 0.10 +/- 0.10

Si
5565 very small but clean (6 mA)
4102 is great
3095 is a bit blended
Si I: 5.66 +/- 0.26 (3 lines), Solar 7.51 +/- 0.03
Inspected the three lines we have, they don't look fantastic...  3095 could go..
SOC -0.14, 6.14, -0.78 // 0.29, 7.12, 0.92
[Si I/Fe] = -0.05 +/- 0.26

S I, II -- no lines present in line list: they are mainly in the infrared

Ar I, II -- no lines present in line list

Ca I: 4.79 +/- 0.12 (17 lines), Solar 6.34 +/- 0.04
Inspected all the lines I have; they all look reasonable. Outliers could be confidently excluded.
SOC: // 0.48, 7.08, 0.77 // -9.21e-05, 5.30, -0.51
[Ca I/Fe] = 0.25 +/- 0.12

Ti I: 3.00 +/- 0.16 (20 lines), Solar 4.95 +/- 0.05
Inspected all the lines, excluded some dodgey measurements and duplicates, then clipped outliers.
SOC: // -0.04, 2.83, -0.04 // 6.68e-05, 2.69, 0.18
[Ti I/Fe] = -0.15 +/- 0.16

Ti II: 3.19 +/- 0.14 (23 lines), Solar 4.95 +/- 0.05
Inspected all the lines, excluded some dodgey measurements & duplicates then clipped outliers.
SOC: 0.00, 3.23, 0.01 // 0.22, 4.27, 0.28 // -4.71e-05, 3.44, -0.13
[Te II/Fe] = 0.04 +/- 0.14

Na I: 4.21 +/- 0.05 (3 lines), Solar 6.24 +/- 0.04
Inspected all three line profiles; they look perfect.
SOC: -0.06, 4.23, -0.96 // 0.11, 4.71, 0.95
[Na I/Fe] = -0.23 +/- 0.05



OSS 3: 161.8761667 -0.0229444
Not in 2mass (3 arcsecond cone)
SDSS  Closest point is 2.85 arcseconds away at 17.4 mag in g
u g r i z (SDSS DR 8)
18.881 17.400 16.748 16.497 16.316
Using Alonso et al 1999 eq 4 relation, and Jester 2005 transformations:
UBVRI = 18.13946 17.86428 17.00532 16.51173 16.05073
BMV = 0.85895999999999972
Tried inital guess of [Fe/H] as = -1.9 gives 4719 K, giving -1.7 gives 4735 K
using -1.9 guess and starting at 4719 K


Best so far (before excluding outliers)
4800 K, 1.90, 1.70, -1.87, 0.40

after outliers
4810, 1.85, 1.70, -1.87, 0.40

Fe I 5.68 +/- 0.18 (181 lines)
Abundances
S, O, C: 0.00, 5.67, 0.03

Reduced EW
S, O, C: -0.06, 5.38, -0.08

Lambda S, O, C: 8.33e-05, 5.25, 0.34

Fe II 5.67 +/- 0.23 (26 lines)

Reduced EW S, O, C: 0.07, 6.00, 0.09

Lambda S, O, C: 1.44e-04, 4.95, 0.40


===============
with isochrones
4780 / 1.7 / 1.55 / -1.80 / +0.40

Fe I abundance 5.74 +/- 0.13 (112 lines)
S, O, C: 0.00 5.73 0.03
Reduced EW SOC: 0.03 5.86 0.04
Lambda SOC: 3.11e-05, 5.57, 0.13

Fe II abundances 5.69 +/- 0.19 (8 lines)
Reduced EW SOC: -0.14, 5.03, -0.16
Lambda SOC: 1.73e-04, 4.75, 0.49

FINAL (this was done blindly too because I actually thought I was analysing OSS4)
=====
4780 / 1.7 / 1.55 / -1.79 / +0.40 <--> fits well on isochrone, saved as "FINAL"

Fe I abundance: 5.71 +/- 0.12 (154 lines)
SOC: 0.00, 5.70, 0.04 // -0.03, 5.57, -0.05 // 3.21e-05, 5.55, 0.20

Fe II abundance: 5.71 +/- 0.16 (20 lines)
SOC: // 0.03, 5.84, 0.04 // 6.42e-05, 5.39, 0.25

ALPHA ABUNDANCES Mg, Si, Ca, Ti
================

Mg I: 5.95 +/- 0.05 (5 lines), Solar 7.60 +/- 0.04
I inspected all the lines and clipped outliers.
SOC: -0.01, 5.95, -.18 // 0.11, 6.44, 0.84 // -9.34e-05, 6.40, -0.72
[Mg I/Fe] = 0.15 +/- 0.05

Si I: 6.25 +/- 0.05 (2 lines), Solar 7.51 +/- 0.03
excluded no lines:
5565 line is not present
5701 line is present, blended and not measured by code -- I measured it by hand
5772 line is not present
The two lines we have look really good.
After I measured the line at 5701 and put them in:
Si I: 6.20 +/- 0.16 (3 lines), Solar 7.51 +/- 0.03
SOC: -0.03, 6.25, -0.27 // 0.22, 7.25, 0.65 // -5.47e-05, 6.42, -0.26
[Si I/Fe] = 0.48 +/- 0.16

Ca I: 4.87 +/- 0.09 (18 lines), Solar 6.34 +/- 0.04
I inspected all the lines and clipped outliers.
SOC: // 0.15, 5.61, 0.30 // 3.62e-05, 4.66, 0.30
[Ca I/Fe] = 0.32 +/- 0.09

Ti I: 3.13 +/- 0.09 (23 lines), Solar 4.95 +/- 0.05
I inspected all the lines + clipped outliers
SOC: // -0.01, 3.10, -0.02 // -5.4e-06, 3.18, -0.02
[Ti I/Fe] = -0.03 +/- 0.09

Ti II: 3.36 +/- 0.09 (24 lines), Solar 4.95 +/- 0.05
I inspected all the lines + clipped outliers
SOC: -0.04, 3.42, -0.16 // 0.08, 3.74, 0.18 //-1.35e-05, 3.43, -0.06
[Ti II/Fe] = 0.20 +/- 0.09

Na: 4.42 +/- 0.07 (3 lines), Solar 6.24 +/- 0.04
SOC: -0.07, 4.43, -1.00 // 0.15, 5.09, 0.99
[Na I/Fe] = -0.03 +/- 0.07




OSS 4
162.2845417 0.0331389
In SDSS DR8 found closest 16.4 gmag star at 1.113 arcseconds away
u g r i z
17.935 16.440 15.770 15.465 15.299
no redenning, jester transform, assume -1.9 feh and using B-V ~ 0.88
Alonso et al 1999 eq 4
initial start teff = 4693 K

an emp???

4550 /  1.9 / 0.8 / -2.7 / 0.4

Fe I Abundance 4.75 +/- 0.19 (150 lines)
S, O, C: 0.00, 4.76, 0.01

REW S, O, C: 0.04, 4.95, 0.07

Lambda S, O, C: 4.11e-06, 4.74, 0.01

Fe II Abundance 4.78 +/- 0.16 (18 lines)

REW S, O, C: -0.06, 4.51, -0.09

Lambda S, O, C: 9.90e-05, 4.32, 0.33

Using isochrones:

4670 / 1.95 / 1.10 / -2.70 / +0.40
Fe I Abundance 4.84 +/- 0.24 (168)
-0.01, 4.88, -0.03
0.01, 4.93, 0.02
5e-5, 4.61, 0.15

Fe II Abundance 4.87 +/- 0.21 (21)
-0.01, 4.84, -0.01
1.09e-04 4.37 0.27

FINAL
=============
4580 K / 2.05 / 0.80 / -2.79 / +0.40
( doesn't quite sit on the expected isochrone)

Fe I abundance: 4.75 +/- 0.17 (128 lines)
-0.01 / 4.77 / -0.05
0.03 / 4.88 / 0.04
9.62e-06 / 4.70 / 0.40

Fe II abundance: 4.77 +/- 0.15 (15 lines)
-0.01 / 4.69 / -0.02

6.49e-05 / 4.44 / 0.15

FINAL WITH EXCLUSIONS
=====================
4580 K / 2.05 / 0.80 / -2.75 / +0.40

Fe I abundance: 4.74 +/- 0.11 (89 lines)
SOC: 0.00, 4.75, -0.05 // -0.01, 4.70, -0.02 // 9.19e-06, 4.70, 0.06

Fe II abundance: 4.77 +/- 0.12 (13 lines)
SOC: // 0.00, 4.74, -0.01 // 1.16e-04, 4.21, 0.34

Saved as "FINAL" <-> adopting these values

ALPHA ELEMENTS
==============

Mg I: 5.11 +/- 0.13 (7 lines), Solar 7.60 +/- 0.04
Inspected all lines, kept good ones then removed two spurious outliers.
SOC: -0.02, 5.14, -0.19 // -0.14, 4.44, -0.31 // 1.54e-04, 4.39, 0.74
[Mg I/Fe] = 0.26 +/- 0.13

Si I: 5.38 +/- 0.03 (3 lines), Solar 7.51 +/- 0.03
Inspected all lines and removed one outlier.
SOC: -0.01, 5.43, -0.72 // 0.02, 5.50, 0.54 // -2.42e-05, 5.50,-0.65
[Si I/Fe] = 0.62 +/- 0.03

Ca I: 3.75 +/- 0.09 (9 lines), Solar 6.34 +/- 0.04
Inspected all lines as usual
SOC: // // 2.84e-05, 3.60, 0.26
[Ca I/Fe] = 0.16 +/- 0.10

Na I: 3.69 +/- 0.04 (2 lines), Solar 6.24 +/- 0.04
Inspected both lines (they were all that was measured) & they are very clean.
SOC: // // //
[Na I/Fe] = 0.20 +/- 0.04

Ti I: 2.28 +/- 0.15 (13 lines), Solar 4.95 +/- 0.05
Inspected lines as always; these lines were more difficult to measure than usual.
SOC: // 0.09, 2.70, 0.14 // -1.08e-04, 2.75, -0.24
[Ti I/Fe] = 0.08 +/- 0.15

Ti II: 2.31 +/- 0.09 (24 lines), Solar 4.95 +/- 0.05
SOC: 0.00, 2.31, -0.02 // 0.00, 2.32, 0.01 // 2.39e-05, 2.19, 0.12
[Ti II/Fe] = 0.11 +/- 0.15

Alphas saved as "ALPHA"


OSS 5
162.6405417 0.2050833
SDSS DR8 nearest target is 1.196" away at 18th magnitude in g
ugriz = 19.628 17.997 17.338 17.065 16.908
No reddenning correction and using Jester 2005:
UBVRI = 18.85619 18.46401 17.59819 17.08062 16.59762
bmv = 0.87

Guessing [Fe/H] = -1.9 yields Teff = 4709 K
Arbitrarily chosing lines only redward of 4400 A because S/N shit.

5200 / 2.0 / 2.9 / -0.95 / 0.40 (fits perfectly on the isochrone)

Fe I 6.60 +/- 0.22 (90 lines)
0.00, 6.62, 0.01
0.00, 6.65, 0.00
9.2e-5, 6.12, 0.27

Fe II 6.60 +/- 0.35 (17 lines)
0.12, 7.14, 0.07
9.81e-05, 6.09, 0.20

FINAL
5250 / 1.85 / 3.00 / -0.80 / 0.40 (first perfectly on isochrone)

Fe I: 6.68 +/- 0.18 (99 lines)
-0.01, 6.72, -0.06
0.00, 6.68, 0.00
5.61e-05, 6.38, 0.19

Fe II: 6.71 +/- 0.25 (14 lines)
0.28, 8.07, 0.24
5.55e-05, 6.42, 0.16

USING THESE VALUES (saved as "results")

NOTE: so because this spectra is so shitty i ignored all lines (Fe, alpha elements) blue ward of 4000 Angstroms EXCEPT for Silicon only because there are so few lines.

ALPHA ELEMENTS
==============

Mg I: 6.70 +/- 0.15 (5 lines), Solar 7.60 +/- 0.04
All inspected
SOC: -0.05, 6.94, -0.61 // -1.48e-04, 7.49, -0.58
[Mg I/Fe] = -0.10 +/- 0.15

Na I: 5.17 +/- 0.13 (4 lines), Solar 6.24 +/- 0.04
All inspected and look good.
SOC: 0.11, 5.08, 0.96 // -0.36, 3.53, -0.97 // //
[Na I/Fe] = -0.27 +/- 0.13


Si I: 6.78 +/- 0.31 (4 lines), Solar 7.51 +/- 0.03
Lines look okay, but spectrum is crappy.
SOC: 0.12, 6.35, 0.59 // -0.07, 6.41, -0.14 // 1.92e-04, 5.82, 0.54
[Si I/Fe] = 0.07 +/- 0.31


Ca I: 5.77 +/- 0.12 (10 lines), Solar 6.34 +/- 0.04
All lines inspected and look good.
SOC: // // -1.49e-04, 6.68, -0.45
[Ca I/Fe] = 0.23 +/- 0.12

Ti I: 4.26 +/- 0.36 (15 lines), Solar 4.95 +/- 0.05
Lines look good, excluded all outliers and it's still a bit crap. Lot of scatter!
SOC: // 0.95, 8.88, 0.54 // 2.20e-04, 3.25, 0.24
[Ti I/Fe] = 0.11 +/- 0.36

Ti II: 4.28 +/- 0.19 (13 lines), Solar 4.95 +/- 0.05
Lines are good; could have gotten rid of a few more outliers but chose not to.
SOC: 0.04, 4.16, 0.13 // // 7.89e-05, 3.86, 0.16
[Ti II/Fe] = 0.13 +/- 0.19


\end{comment}