@ARTICLE{Hodapp;et-al_2004,
   author = {{Hodapp}, K.~W. and {Kaiser}, N. and {Aussel}, H. and {Burgett}, W. and 
	{Chambers}, K.~C. and {Chun}, M. and {Dombeck}, T. and {Douglas}, A. and 
	{Hafner}, D. and {Heasley}, J. and {Hoblitt}, J. and {Hude}, C. and 
	{Isani}, S. and {Jedicke}, R. and {Jewitt}, D. and {Laux}, U. and 
	{Luppino}, G.~A. and {Lupton}, R. and {Maberry}, M. and {Magnier}, E. and 
	{Mannery}, E. and {Monet}, D. and {Morgan}, J. and {Onaka}, P. and 
	{Price}, P. and {Ryan}, A. and {Siegmund}, W. and {Szapudi}, I. and 
	{Tonry}, J. and {Wainscoat}, R. and {Waterson}, M.},
    title = "{Design of the Pan-STARRS telescopes}",
  journal = {Astronomische Nachrichten},
 keywords = {survey telescope, optical design},
     year = 2004,
    month = oct,
   volume = 325,
    pages = {636-642},
      doi = {10.1002/asna.200410300},
   adsurl = {http://adsabs.harvard.edu/abs/2004AN....325..636H},
  adsnote = {Provided by the SAO/NASA Astrophysics Data System}
}

@ARTICLE{Jordi;et-al_2006,
   author = {{Jordi}, K. and {Grebel}, E.~K. and {Ammon}, K.},
    title = "{Empirical color transformations between SDSS photometry and other photometric systems}",
  journal = {\aap},
   eprint = {arXiv:astro-ph/0609121},
 keywords = {surveys, catalogs, techniques: photometric},
     year = 2006,
    month = dec,
   volume = 460,
    pages = {339-347},
      doi = {10.1051/0004-6361:20066082},
   adsurl = {http://adsabs.harvard.edu/abs/2006A%26A...460..339J},
  adsnote = {Provided by the SAO/NASA Astrophysics Data System}
}

@ARTICLE{Keller;et-al_2007,
   author = {{Keller}, S.~C. and {Schmidt}, B.~P. and {Bessell}, M.~S. and 
	{Conroy}, P.~G. and {Francis}, P. and {Granlund}, A. and {Kowald}, E. and 
	{Oates}, A.~P. and {Martin-Jones}, T. and {Preston}, T. and 
	{Tisserand}, P. and {Vaccarella}, A. and {Waterson}, M.~F.},
    title = "{The SkyMapper Telescope and The Southern Sky Survey}",
  journal = {PASA},
   eprint = {arXiv:astro-ph/0702511},
 keywords = {telescopes, surveys, techniques: photometry,},
     year = 2007,
    month = may,
   volume = 24,
    pages = {1-12},
      doi = {10.1071/AS07001},
   adsurl = {http://adsabs.harvard.edu/abs/2007PASA...24....1K},
  adsnote = {Provided by the SAO/NASA Astrophysics Data System}
}
@ARTICLE{Tafelmeyer;et-al_2010,
   author = {{Tafelmeyer}, M. and {Jablonka}, P. and {Hill}, V. and {Shetrone}, M. and 
	{Tolstoy}, E. and {Irwin}, M.~J. and {Battaglia}, G. and {Helmi}, A. and 
	{Starkenburg}, E. and {Venn}, K.~A. and {Abel}, T. and {Francois}, P. and 
	{Kaufer}, A. and {North}, P. and {Primas}, F. and {Szeifert}, T.
	},
    title = "{Extremely metal-poor stars in classical dwarf spheroidal galaxies: Fornax, Sculptor, and Sextans}",
  journal = {\aap},
archivePrefix = "arXiv",
   eprint = {1008.3721},
 primaryClass = "astro-ph.SR",
 keywords = {stars: abundances, Galaxy: evolution, Galaxy: stellar content, galaxies: star formation},
     year = 2010,
    month = dec,
   volume = 524,
      eid = {A58},
    pages = {A58},
      doi = {10.1051/0004-6361/201014733},
   adsurl = {http://adsabs.harvard.edu/abs/2010A%26A...524A..58T},
  adsnote = {Provided by the SAO/NASA Astrophysics Data System}
}

@ARTICLE{Carretta;et-al_2009,
   author = {{Carretta}, E. and {Bragaglia}, A. and {Gratton}, R. and {D'Orazi}, V. and 
	{Lucatello}, S.},
    title = "{Intrinsic iron spread and a new metallicity scale for globular clusters}",
  journal = {\aap},
archivePrefix = "arXiv",
   eprint = {0910.0675},
 primaryClass = "astro-ph.GA",
 keywords = {stars: abundances, stars: atmospheres, stars: population II, globular clusters: general},
     year = 2009,
    month = dec,
   volume = 508,
    pages = {695-706},
      doi = {10.1051/0004-6361/200913003},
   adsurl = {http://adsabs.harvard.edu/abs/2009A%26A...508..695C},
  adsnote = {Provided by the SAO/NASA Astrophysics Data System}
}

@ARTICLE{Tolstoy;et-al_2009,
   author = {{Tolstoy}, E. and {Hill}, V. and {Tosi}, M.},
    title = "{Star-Formation Histories, Abundances, and Kinematics of Dwarf Galaxies in the Local Group}",
  journal = {\araa},
archivePrefix = "arXiv",
   eprint = {0904.4505},
 primaryClass = "astro-ph.CO",
     year = 2009,
    month = sep,
   volume = 47,
    pages = {371-425},
      doi = {10.1146/annurev-astro-082708-101650},
   adsurl = {http://adsabs.harvard.edu/abs/2009ARA%26A..47..371T},
  adsnote = {Provided by the SAO/NASA Astrophysics Data System}
}

@ARTICLE{Saviane;et-al_2012,
   author = {{Saviane}, I. and {Da Costa}, G.~S. and {Held}, E.~V. and {Sommariva}, V. and 
	{Gullieuszik}, M. and {Barbuy}, B. and {Ortolani}, S.},
    title = "{Homogeneous metallicities and radial velocities for Galactic globular clusters. First CaT metallicities for twenty clusters}",
  journal = {\aap},
 keywords = {stars: abundances, stars: kinematics and dynamics, globular clusters: general},
     year = 2012,
    month = apr,
   volume = 540,
      eid = {A27},
    pages = {A27},
      doi = {10.1051/0004-6361/201118138},
   adsurl = {http://adsabs.harvard.edu/abs/2012A%26A...540A..27S},
  adsnote = {Provided by the SAO/NASA Astrophysics Data System}
}

@ARTICLE{Battaglia;Starkenburg_2012,
   author = {{Battaglia}, G. and {Starkenburg}, E.},
    title = "{Cleaning spectroscopic samples of stars in nearby dwarf galaxies. The use of the nIR Mg I line to weed out Milky Way contaminants}",
  journal = {\aap},
archivePrefix = "arXiv",
   eprint = {1201.3634},
 primaryClass = "astro-ph.CO",
 keywords = {stars: abundances, galaxies: evolution, galaxies: dwarf, Local Group, galaxies: stellar content, Galaxy: formation},
     year = 2012,
    month = mar,
   volume = 539,
      eid = {A123},
    pages = {A123},
      doi = {10.1051/0004-6361/201117557},
   adsurl = {http://adsabs.harvard.edu/abs/2012A%26A...539A.123B},
  adsnote = {Provided by the SAO/NASA Astrophysics Data System}
}


@ARTICLE{Bessell;Brett_1988,
   author = {{Bessell}, M.~S. and {Brett}, J.~M.},
    title = "{JHKLM photometry - Standard systems, passbands, and intrinsic colors}",
  journal = {\pasp},
 keywords = {ASTRONOMICAL PHOTOMETRY, STELLAR ATMOSPHERES, STELLAR COLOR, STELLAR SPECTRA, ATMOSPHERIC MODELS, BROADBAND, CALIBRATING, COLOR-COLOR DIAGRAM, INFRARED PHOTOMETRY, LYRA CONSTELLATION},
     year = 1988,
    month = sep,
   volume = 100,
    pages = {1134-1151},
      doi = {10.1086/132281},
   adsurl = {http://adsabs.harvard.edu/abs/1988PASP..100.1134B},
  adsnote = {Provided by the SAO/NASA Astrophysics Data System}
}
@ARTICLE{Mihalas;Binney_1981,
   author = {{Mihalas}, D. and {Binney}, J.},
    title = "{Book-Review - Galactic Astronomy - Structure and Kinematics}",
  journal = {Science},
     year = 1981,
    month = nov,
   volume = 214,
    pages = {829-+},
   adsurl = {http://adsabs.harvard.edu/abs/1981Sci...214..829M},
  adsnote = {Provided by the SAO/NASA Astrophysics Data System}
}
@ARTICLE{Amandroff;Da_Costa_1991,
   author = {{Armandroff}, T.~E. and {Da Costa}, G.~S.},
    title = "{Metallicities for old stellar systems from Ca II triplet strengths in member giants}",
  journal = {\aj},
 keywords = {CALCIUM, FINE STRUCTURE, GIANT STARS, GLOBULAR CLUSTERS, LATE STARS, METALLICITY, ABUNDANCE, DWARF GALAXIES, RADIAL VELOCITY, REFERENCE STARS, SPECTRAL LINE WIDTH, STELLAR SPECTRA, STELLAR SYSTEMS},
     year = 1991,
    month = apr,
   volume = 101,
    pages = {1329-1337},
      doi = {10.1086/115769},
   adsurl = {http://adsabs.harvard.edu/abs/1991AJ....101.1329A},
  adsnote = {Provided by the SAO/NASA Astrophysics Data System}
}

@ARTICLE{Sales;et-al_2008,
   author = {{Sales}, L.~V. and {Helmi}, A. and {Starkenburg}, E. and {Morrison}, H.~L. and 
	{Engle}, E. and {Harding}, P. and {Mateo}, M. and {Olszewski}, E.~W. and 
	{Sivarani}, T.},
    title = "{On the genealogy of the Orphan Stream}",
  journal = {\mnras},
archivePrefix = "arXiv",
   eprint = {0805.0508},
 keywords = {galaxies: evolution , galaxies: formation , galaxies: haloes , galaxies: kinematics and dynamics},
     year = 2008,
    month = sep,
   volume = 389,
    pages = {1391-1398},
      doi = {10.1111/j.1365-2966.2008.13659.x},
   adsurl = {http://adsabs.harvard.edu/abs/2008MNRAS.389.1391S},
  adsnote = {Provided by the SAO/NASA Astrophysics Data System}
}
@ARTICLE{Schlegel;Finkbeiner;Davis_1998,
   author = {{Schlegel}, D.~J. and {Finkbeiner}, D.~P. and {Davis}, M.},
    title = "{Maps of Dust Infrared Emission for Use in Estimation of Reddening and Cosmic Microwave Background Radiation Foregrounds}",
  journal = {\apj},
   eprint = {arXiv:astro-ph/9710327},
 keywords = {COSMOLOGY: DIFFUSE RADIATION, COSMOLOGY: COSMIC MICROWAVE BACKGROUND, ISM: DUST, EXTINCTION, INTERPLANETARY MEDIUM, INFRARED: ISM: CONTINUUM},
     year = 1998,
    month = jun,
   volume = 500,
    pages = {525-+},
      doi = {10.1086/305772},
   adsurl = {http://adsabs.harvard.edu/abs/1998ApJ...500..525S},
  adsnote = {Provided by the SAO/NASA Astrophysics Data System}
}
@ARTICLE{Grillmair;Dionatos_2006,
   author = {{Grillmair}, C.~J. and {Dionatos}, O.},
    title = "{Detection of a 63{\deg} Cold Stellar Stream in the Sloan Digital Sky Survey}",
  journal = {\apjl},
   eprint = {arXiv:astro-ph/0604332},
 keywords = {Galaxy: Halo, Galaxy: Structure, Galaxy: Globular Clusters: General},
     year = 2006,
    month = may,
   volume = 643,
    pages = {L17-L20},
      doi = {10.1086/505111},
   adsurl = {http://adsabs.harvard.edu/abs/2006ApJ...643L..17G},
  adsnote = {Provided by the SAO/NASA Astrophysics Data System}
}

@ARTICLE{Abazajian;et-al_2009,
   author = {{Abazajian}, K.~N. and {Adelman-McCarthy}, J.~K. and {Ag{\"u}eros}, M.~A. and 
	{Allam}, S.~S. and {Allende Prieto}, C. and {An}, D. and {Anderson}, K.~S.~J. and 
	{Anderson}, S.~F. and {Annis}, J. and {Bahcall}, N.~A. and et al.},
    title = "{The Seventh Data Release of the Sloan Digital Sky Survey}",
  journal = {\apjs},
archivePrefix = "arXiv",
   eprint = {0812.0649},
 keywords = {atlases, catalogs, surveys},
     year = 2009,
    month = jun,
   volume = 182,
      eid = {543},
    pages = {543-558},
      doi = {10.1088/0067-0049/182/2/543},
   adsurl = {http://adsabs.harvard.edu/abs/2009ApJS..182..543A},
  adsnote = {Provided by the SAO/NASA Astrophysics Data System}
}

@ARTICLE{Girardi;et-al_2008,
   author = {{Marigo}, P. and {Girardi}, L. and {Bressan}, A. and {Groenewegen}, M.~A.~T. and 
	{Silva}, L. and {Granato}, G.~L.},
    title = "{Evolution of asymptotic giant branch stars. II. Optical to far-infrared isochrones with improved TP-AGB models}",
  journal = {\aap},
archivePrefix = "arXiv",
   eprint = {0711.4922},
 keywords = {astronomical data bases: miscellaneous, stars: AGB and post-AGB, stars: carbon, stars: evolution, galaxies: Magellanic Clouds, stars: Hertzsprung-Russell (HR) and C-M diagrams},
     year = 2008,
    month = may,
   volume = 482,
    pages = {883-905},
      doi = {10.1051/0004-6361:20078467},
   adsurl = {http://adsabs.harvard.edu/abs/2008A%26A...482..883M},
  adsnote = {Provided by the SAO/NASA Astrophysics Data System}
}

@ARTICLE{Kirby;et-al_2010,
   author = {{Kirby}, E.~N. and {Guhathakurta}, P. and {Simon}, J.~D. and 
	{Geha}, M.~C. and {Rockosi}, C.~M. and {Sneden}, C. and {Cohen}, J.~G. and 
	{Sohn}, S.~T. and {Majewski}, S.~R. and {Siegel}, M.},
    title = "{Multi-element Abundance Measurements from Medium-resolution Spectra. II. Catalog of Stars in Milky Way Dwarf Satellite Galaxies}",
  journal = {\apjs},
archivePrefix = "arXiv",
   eprint = {1011.4516},
 primaryClass = "astro-ph.GA",
 keywords = {galaxies: abundances, galaxies: dwarf, Galaxy: evolution, Local Group},
     year = 2010,
    month = dec,
   volume = 191,
    pages = {352-375},
      doi = {10.1088/0067-0049/191/2/352},
   adsurl = {http://adsabs.harvard.edu/abs/2010ApJS..191..352K},
  adsnote = {Provided by the SAO/NASA Astrophysics Data System}
}

@ARTICLE{Frebel;et-al_2010,
   author = {{Frebel}, A. and {Simon}, J.~D. and {Geha}, M. and {Willman}, B.
	},
    title = "{High-Resolution Spectroscopy of Extremely Metal-Poor Stars in the Least Evolved Galaxies: Ursa Major II and Coma Berenices}",
  journal = {\apj},
archivePrefix = "arXiv",
   eprint = {0902.2395},
 primaryClass = "astro-ph.GA",
 keywords = {early universe, galaxies: dwarf, Galaxy: halo, Local Group, stars: abundances, stars: Population II},
     year = 2010,
    month = jan,
   volume = 708,
    pages = {560-583},
      doi = {10.1088/0004-637X/708/1/560},
   adsurl = {http://adsabs.harvard.edu/abs/2010ApJ...708..560F},
  adsnote = {Provided by the SAO/NASA Astrophysics Data System}
}

@ARTICLE{Kerr;Lynden-Bell_1986,
   author = {{Kerr}, F.~J. and {Lynden-Bell}, D.},
    title = "{Review of galactic constants}",
  journal = {\mnras},
 keywords = {ASTROPHYSICS, CONSTANTS, MILKY WAY GALAXY, GALACTIC ROTATION, MASS DISTRIBUTION, OORT CLOUD, RADIAL VELOCITY, STELLAR MOTIONS, SUN, VARIABLE STARS},
     year = 1986,
    month = aug,
   volume = 221,
    pages = {1023-1038},
   adsurl = {http://adsabs.harvard.edu/abs/1986MNRAS.221.1023K},
  adsnote = {Provided by the SAO/NASA Astrophysics Data System}
}



@ARTICLE{Grillmair_2006,
   author = {{Grillmair}, C.~J.},
    title = "{Detection of a 60{\deg}-long Dwarf Galaxy Debris Stream}",
  journal = {\apjl},
   eprint = {arXiv:astro-ph/0605396},
 keywords = {Galaxy: Halo, Galaxy: Structure, Galaxy: Globular Clusters: General},
     year = 2006,
    month = jul,
   volume = 645,
    pages = {L37-L40},
      doi = {10.1086/505863},
   adsurl = {http://adsabs.harvard.edu/abs/2006ApJ...645L..37G},
  adsnote = {Provided by the SAO/NASA Astrophysics Data System}
}
@ARTICLE{Robin;et-al_2003,
   author = {{Robin}, A.~C. and {Reyl{\'e}}, C. and {Derri{\`e}re}, S. and 
	{Picaud}, S.},
    title = "{A synthetic view on structure and evolution of the Milky Way}",
  journal = {\aap},
 keywords = {Galaxy: stellar content, Galaxy: general, Galaxy: evolution, Galaxy: kinematics and dynamics, Galaxy: structure},
     year = 2003,
    month = oct,
   volume = 409,
    pages = {523-540},
      doi = {10.1051/0004-6361:20031117},
   adsurl = {http://adsabs.harvard.edu/abs/2003A%26A...409..523R},
  adsnote = {Provided by the SAO/NASA Astrophysics Data System}
}
@ARTICLE{Koposov;et-al_2010,
   author = {{Koposov}, S.~E. and {Rix}, H.-W. and {Hogg}, D.~W.},
    title = "{Constraining the Milky Way Potential with a Six-Dimensional Phase-Space Map of the GD-1 Stellar Stream}",
  journal = {\apj},
archivePrefix = "arXiv",
   eprint = {0907.1085},
 primaryClass = "astro-ph.GA",
 keywords = {Galaxy: fundamental parameters, Galaxy: halo, Galaxy: kinematics and dynamics, methods: statistical, stars: kinematics and dynamics, surveys},
     year = 2010,
    month = mar,
   volume = 712,
    pages = {260-273},
      doi = {10.1088/0004-637X/712/1/260},
   adsurl = {http://adsabs.harvard.edu/abs/2010ApJ...712..260K},
  adsnote = {Provided by the SAO/NASA Astrophysics Data System}
}

@ARTICLE{Xue;et-al_2008,
   author = {{Xue}, X.~X. and {Rix}, H.~W. and {Zhao}, G. and {Re Fiorentin}, P. and 
	{Naab}, T. and {Steinmetz}, M. and {van den Bosch}, F.~C. and 
	{Beers}, T.~C. and {Lee}, Y.~S. and {Bell}, E.~F. and {Rockosi}, C. and 
	{Yanny}, B. and {Newberg}, H. and {Wilhelm}, R. and {Kang}, X. and 
	{Smith}, M.~C. and {Schneider}, D.~P.},
    title = "{The Milky Way's Circular Velocity Curve to 60 kpc and an Estimate of the Dark Matter Halo Mass from the Kinematics of \~{}2400 SDSS Blue Horizontal-Branch Stars}",
  journal = {\apj},
archivePrefix = "arXiv",
   eprint = {0801.1232},
 keywords = {Cosmology: Dark Matter, galaxies: individual (Milky Way), Galaxy: Halo, Stars: Horizontal-Branch, Stars: Kinematics},
     year = 2008,
    month = sep,
   volume = 684,
    pages = {1143-1158},
      doi = {10.1086/589500},
   adsurl = {http://adsabs.harvard.edu/abs/2008ApJ...684.1143X},
  adsnote = {Provided by the SAO/NASA Astrophysics Data System}
}

@ARTICLE{Odenkirchen;et-al_2009,
   author = {{Odenkirchen}, M. and {Grebel}, E.~K. and {Kayser}, A. and {Rix}, H.-W. and 
	{Dehnen}, W.},
    title = "{Kinematics of the Tidal Debris of the Globular Cluster Palomar 5}",
  journal = {\aj},
 keywords = {globular clusters: general, globular clusters: individual: Palomar 5, stars: kinematics},
     year = 2009,
    month = feb,
   volume = 137,
    pages = {3378-3387},
      doi = {10.1088/0004-6256/137/2/3378},
   adsurl = {http://adsabs.harvard.edu/abs/2009AJ....137.3378O},
  adsnote = {Provided by the SAO/NASA Astrophysics Data System}
}

@ARTICLE{Jin;Lynden_Bell_2007,
   author = {{Jin}, S. and {Lynden-Bell}, D.},
    title = "{Are Complex A and the Orphan stream related?}",
  journal = {\mnras},
   eprint = {arXiv:astro-ph/0703397},
 keywords = {methods: analytical, ISM: clouds, ISM: kinematics and dynamics, Galaxy: halo, Galaxy: structure},
     year = 2007,
    month = jun,
   volume = 378,
    pages = {L64-L66},
      doi = {10.1111/j.1745-3933.2007.00321.x},
   adsurl = {http://adsabs.harvard.edu/abs/2007MNRAS.378L..64J},
  adsnote = {Provided by the SAO/NASA Astrophysics Data System}
}

@ARTICLE{Norris;et-al_1996,
   author = {{Norris}, J.~E. and {Ryan}, S.~G. and {Beers}, T.~C.},
    title = "{Extremely Metal-poor Stars. I. Spectroscopic Data}",
  journal = {\apjs},
 keywords = {NUCLEAR REACTIONS, NUCLEOSYNTHESIS, ABUNDANCES, STARS: ABUNDANCES, STARS: POPULATION II},
     year = 1996,
    month = nov,
   volume = 107,
    pages = {391},
      doi = {10.1086/192368},
   adsurl = {http://adsabs.harvard.edu/abs/1996ApJS..107..391N},
  adsnote = {Provided by the SAO/NASA Astrophysics Data System}
}

@ARTICLE{Bell;et-al_2008,
   author = {{Bell}, E.~F. and {Zucker}, D.~B. and {Belokurov}, V. and {Sharma}, S. and 
	{Johnston}, K.~V. and {Bullock}, J.~S. and {Hogg}, D.~W. and 
	{Jahnke}, K. and {de Jong}, J.~T.~A. and {Beers}, T.~C. and 
	{Evans}, N.~W. and {Grebel}, E.~K. and {Ivezi{\'c}}, {\v Z}. and 
	{Koposov}, S.~E. and {Rix}, {H.-W.} and {Schneider}, D.~P. and 
	{Steinmetz}, M. and {Zolotov}, A.},
    title = "{The Accretion Origin of the Milky Way's Stellar Halo}",
  journal = {\apj},
archivePrefix = "arXiv",
   eprint = {0706.0004},
 keywords = {Galaxies: Halos, Galaxy: Evolution, Galaxy: Formation, Galaxy: General, Galaxy: Halo, Galaxy: Structure},
     year = 2008,
    month = jun,
   volume = 680,
    pages = {295-311},
      doi = {10.1086/588032},
   adsurl = {http://adsabs.harvard.edu/abs/2008ApJ...680..295B},
  adsnote = {Provided by the SAO/NASA Astrophysics Data System}
}

@ARTICLE{Starkenburg;et-al_2010,
   author = {{Starkenburg}, E. and {Hill}, V. and {Tolstoy}, E. and {Gonz{\'a}lez Hern{\'a}ndez}, J.~I. and 
	{Irwin}, M. and {Helmi}, A. and {Battaglia}, G. and {Jablonka}, P. and 
	{Tafelmeyer}, M. and {Shetrone}, M. and {Venn}, K. and {de Boer}, T.
	},
    title = "{The NIR Ca ii triplet at low metallicity. Searching for extremely low-metallicity stars in classical dwarf galaxies}",
  journal = {\aap},
archivePrefix = "arXiv",
   eprint = {1002.2963},
 primaryClass = "astro-ph.SR",
 keywords = {stars: abundances, galaxies: dwarf, galaxies: evolution, Local Group, Galaxy: formation},
     year = 2010,
    month = apr,
   volume = 513,
      eid = {A34},
    pages = {A34},
      doi = {10.1051/0004-6361/200913759},
   adsurl = {http://adsabs.harvard.edu/abs/2010A%26A...513A..34S},
  adsnote = {Provided by the SAO/NASA Astrophysics Data System}
}

@ARTICLE{Casey;et-al_2012,
   author = {{Casey}, A.~R. and {Keller}, S.~C. and {Da Costa}, G.},
    title = "{Kinematics and Chemistry of Halo Substructures: The Vicinity of the Virgo Overdensity}",
  journal = {\aj},
archivePrefix = "arXiv",
   eprint = {1202.0274},
 primaryClass = "astro-ph.SR",
 keywords = {Galaxy: halo, Galaxy: structure, stars: kinematics and dynamics},
     year = 2012,
    month = apr,
   volume = 143,
      eid = {88},
    pages = {88},
      doi = {10.1088/0004-6256/143/4/88},
   adsurl = {http://adsabs.harvard.edu/abs/2012AJ....143...88C},
  adsnote = {Provided by the SAO/NASA Astrophysics Data System}
}
@ARTICLE{Hambly;et-al_2001,
   author = {{Hambly}, N.~C. and {MacGillivray}, H.~T. and {Read}, M.~A. and 
	{Tritton}, S.~B. and {Thomson}, E.~B. and {Kelly}, B.~D. and 
	{Morgan}, D.~H. and {Smith}, R.~E. and {Driver}, S.~P. and {Williamson}, J. and 
	{Parker}, Q.~A. and {Hawkins}, M.~R.~S. and {Williams}, P.~M. and 
	{Lawrence}, A.},
    title = "{The SuperCOSMOS Sky Survey - I. Introduction and description}",
  journal = {\mnras},
   eprint = {arXiv:astro-ph/0108286},
 keywords = {astronomical data bases: miscellaneous; catalogues; surveys; stars: general; galaxies: general; cosmology: observations},
     year = 2001,
    month = oct,
   volume = 326,
    pages = {1279-1294},
      doi = {10.1111/j.1365-8711.2001.04660.x},
   adsurl = {http://adsabs.harvard.edu/abs/2001MNRAS.326.1279H},
  adsnote = {Provided by the SAO/NASA Astrophysics Data System}
}
@ARTICLE{Jin;Lynden-Bell_2007,
   author = {{Jin}, S. and {Lynden-Bell}, D.},
    title = "{Are Complex A and the Orphan stream related?}",
  journal = {\mnras},
   eprint = {arXiv:astro-ph/0703397},
 keywords = {methods: analytical, ISM: clouds, ISM: kinematics and dynamics, Galaxy: halo, Galaxy: structure},
     year = 2007,
    month = jun,
   volume = 378,
    pages = {L64-L66},
      doi = {10.1111/j.1745-3933.2007.00321.x},
   adsurl = {http://adsabs.harvard.edu/abs/2007MNRAS.378L..64J},
  adsnote = {Provided by the SAO/NASA Astrophysics Data System}
}

@ARTICLE{Zucker;et-al_2006,
   author = {{Zucker}, D.~B. and {Belokurov}, V. and {Evans}, N.~W. and {Kleyna}, J.~T. and 
	{Irwin}, M.~J. and {Wilkinson}, M.~I. and {Fellhauer}, M. and 
	{Bramich}, D.~M. and {Gilmore}, G. and {Newberg}, H.~J. and 
	{Yanny}, B. and {Smith}, J.~A. and {Hewett}, P.~C. and {Bell}, E.~F. and 
	{Rix}, H.-W. and {Gnedin}, O.~Y. and {Vidrih}, S. and {Wyse}, R.~F.~G. and 
	{Willman}, B. and {Grebel}, E.~K. and {Schneider}, D.~P. and 
	{Beers}, T.~C. and {Kniazev}, A.~Y. and {Barentine}, J.~C. and 
	{Brewington}, H. and {Brinkmann}, J. and {Harvanek}, M. and 
	{Kleinman}, S.~J. and {Krzesinski}, J. and {Long}, D. and {Nitta}, A. and 
	{Snedden}, S.~A.},
    title = "{A Curious Milky Way Satellite in Ursa Major}",
  journal = {\apjl},
   eprint = {arXiv:astro-ph/0606633},
 keywords = {Galaxies: Dwarf, galaxies: individual (Ursa Major II), Galaxies: Local Group},
     year = 2006,
    month = oct,
   volume = 650,
    pages = {L41-L44},
      doi = {10.1086/508628},
   adsurl = {http://adsabs.harvard.edu/abs/2006ApJ...650L..41Z},
  adsnote = {Provided by the SAO/NASA Astrophysics Data System}
}

@ARTICLE{Belokurov;et-al_2006,
   author = {{Belokurov}, V. and {Zucker}, D.~B. and {Evans}, N.~W. and {Gilmore}, G. and 
	{Vidrih}, S. and {Bramich}, D.~M. and {Newberg}, H.~J. and {Wyse}, R.~F.~G. and 
	{Irwin}, M.~J. and {Fellhauer}, M. and {Hewett}, P.~C. and {Walton}, N.~A. and 
	{Wilkinson}, M.~I. and {Cole}, N. and {Yanny}, B. and {Rockosi}, C.~M. and 
	{Beers}, T.~C. and {Bell}, E.~F. and {Brinkmann}, J. and {Ivezi{\'c}}, {\v Z}. and 
	{Lupton}, R.},
    title = "{The Field of Streams: Sagittarius and Its Siblings}",
  journal = {\apjl},
   eprint = {arXiv:astro-ph/0605025},
 keywords = {Galaxies: Individual: Name: Sagittarius dSph, Galaxies: Kinematics and Dynamics, Galaxies: Structure, Galaxy: Halo, Galaxies: Local Group},
     year = 2006,
    month = may,
   volume = 642,
    pages = {L137-L140},
      doi = {10.1086/504797},
   adsurl = {http://adsabs.harvard.edu/abs/2006ApJ...642L.137B},
  adsnote = {Provided by the SAO/NASA Astrophysics Data System}
}

@ARTICLE{Belokurov;et-al_2007,
   author = {{Belokurov}, V. and {Evans}, N.~W. and {Irwin}, M.~J. and {Lynden-Bell}, D. and 
	{Yanny}, B. and {Vidrih}, S. and {Gilmore}, G. and {Seabroke}, G. and 
	{Zucker}, D.~B. and {Wilkinson}, M.~I. and {Hewett}, P.~C. and 
	{Bramich}, D.~M. and {Fellhauer}, M. and {Newberg}, H.~J. and 
	{Wyse}, R.~F.~G. and {Beers}, T.~C. and {Bell}, E.~F. and {Barentine}, J.~C. and 
	{Brinkmann}, J. and {Cole}, N. and {Pan}, K. and {York}, D.~G.
	},
    title = "{An Orphan in the ``Field of Streams''}",
  journal = {\apj},
   eprint = {arXiv:astro-ph/0605705},
 keywords = {Galaxies: Kinematics and Dynamics, Galaxies: Structure, Galaxies: Local Group},
     year = 2007,
    month = mar,
   volume = 658,
    pages = {337-344},
      doi = {10.1086/511302},
   adsurl = {http://adsabs.harvard.edu/abs/2007ApJ...658..337B},
  adsnote = {Provided by the SAO/NASA Astrophysics Data System}
}

@ARTICLE{Fellhaur;et-al_2007,
   author = {{Fellhauer}, M. and {Evans}, N.~W. and {Belokurov}, V. and {Zucker}, D.~B. and 
	{Yanny}, B. and {Wilkinson}, M.~I. and {Gilmore}, G. and {Irwin}, M.~J. and 
	{Bramich}, D.~M. and {Vidrih}, S. and {Hewett}, P. and {Beers}, T.
	},
    title = "{Is Ursa Major II the progenitor of the Orphan Stream?}",
  journal = {\mnras},
   eprint = {arXiv:astro-ph/0611157},
 keywords = {methods: N-body simulations, galaxies: dwarf, galaxies: evolution, galaxies: individual: UMa II, galaxies: kinematics and dynamics},
     year = 2007,
    month = mar,
   volume = 375,
    pages = {1171-1179},
      doi = {10.1111/j.1365-2966.2006.11404.x},
   adsurl = {http://adsabs.harvard.edu/abs/2007MNRAS.375.1171F},
  adsnote = {Provided by the SAO/NASA Astrophysics Data System}
}

@ARTICLE{Newberg;et-al_2010,
   author = {{Newberg}, H.~J. and {Willett}, B.~A. and {Yanny}, B. and {Xu}, Y.
	},
    title = "{The Orbit of the Orphan Stream}",
  journal = {\apj},
archivePrefix = "arXiv",
   eprint = {1001.0576},
 primaryClass = "astro-ph.GA",
 keywords = {Galaxy: halo, Galaxy: structure, stars: kinematics and dynamics},
     year = 2010,
    month = mar,
   volume = 711,
    pages = {32-49},
      doi = {10.1088/0004-637X/711/1/32},
   adsurl = {http://adsabs.harvard.edu/abs/2010ApJ...711...32N},
  adsnote = {Provided by the SAO/NASA Astrophysics Data System}
}


@ARTICLE{Gratton;et-al_2000,
   author = {{Gratton}, R.~G. and {Sneden}, C. and {Carretta}, E. and {Bragaglia}, A.
	},
    title = "{Mixing along the red giant branch in metal-poor field stars}",
  journal = {\aap},
 keywords = {STARS: HERTZSPRUNG-RUSSEL (HR) AND C-M DIAGRAMS, STARS: EVOLUTION, STARS: POPULATION II, GALAXY: GLOBULAR CLUSTERS: GENERAL},
     year = 2000,
    month = feb,
   volume = 354,
    pages = {169-187},
   adsurl = {http://adsabs.harvard.edu/abs/2000A%26A...354..169G},
  adsnote = {Provided by the SAO/NASA Astrophysics Data System}
}

@ARTICLE{Fulbright_2000,
   author = {{Fulbright}, J.~P.},
    title = "{Abundances and Kinematics of Field Halo and Disk Stars. I. Observational Data and Abundance Analysis}",
  journal = {\aj},
   eprint = {arXiv:astro-ph/0006260},
 keywords = {Galaxy: Halo, Galaxy: Stellar Content, Stars: Abundances, Stars: Population II, Stars: Subdwarfs},
     year = 2000,
    month = oct,
   volume = 120,
    pages = {1841-1852},
      doi = {10.1086/301548},
   adsurl = {http://adsabs.harvard.edu/abs/2000AJ....120.1841F},
  adsnote = {Provided by the SAO/NASA Astrophysics Data System}
}
@ARTICLE{Francois_1996,
   author = {{Francois}, P.},
    title = "{Abundance of barium in metal poor stars.}",
  journal = {\aap},
 keywords = {STARS: POPULATION II, ABUNDANCES},
     year = 1996,
    month = sep,
   volume = 313,
    pages = {229-233},
   adsurl = {http://adsabs.harvard.edu/abs/1996A%26A...313..229F},
  adsnote = {Provided by the SAO/NASA Astrophysics Data System}
}


