@ARTICLE{helmi;white_1999,
   author = {{Helmi}, A. and {White}, S.~D.~M.},
    title = "{Building up the stellar halo of the Galaxy}",
  journal = {\mnras},
   eprint = {arXiv:astro-ph/9901102},
     year = 1999,
    month = aug,
   volume = 307,
    pages = {495-517},
      doi = {10.1046/j.1365-8711.1999.02616.x},
   adsurl = {http://adsabs.harvard.edu/abs/1999MNRAS.307..495H},
  adsnote = {Provided by the SAO/NASA Astrophys\bibliography{bibliography}
ics Data System}
}
@ARTICLE{Norris;Da_Costa_1995,
   author = {{Norris}, J.~E. and {Da Costa}, G.~S.},
    title = "{The sodium/aluminum-oxygen anticorrelation in omega Centauri and other clusters}",
  journal = {\apjl},
 keywords = {ABUNDANCE, GLOBULAR CLUSTERS, NUCLEAR FUSION, RED GIANT STARS, STELLAR COMPOSITION, ALUMINUM, CORRELATION, OXYGEN, SODIUM},
     year = 1995,
    month = mar,
   volume = 441,
    pages = {L81-L84},
      doi = {10.1086/187795},
   adsurl = {http://adsabs.harvard.edu/abs/1995ApJ...441L..81N},
  adsnote = {Provided by the SAO/NASA Astrophysics Data System}
}


@ARTICLE{steinmetz;et-al_2006,
   author = {{Steinmetz}, M. and {Zwitter}, T. and {Siebert}, A. and {Watson}, F.~G. and 
	{Freeman}, K.~C. and {Munari}, U. and {Campbell}, R. and {Williams}, M. and 
	{Seabroke}, G.~M. and {Wyse}, R.~F.~G. and {Parker}, Q.~A. and 
	{Bienaym{\'e}}, O. and {Roeser}, S. and {Gibson}, B.~K. and 
	{Gilmore}, G. and {Grebel}, E.~K. and {Helmi}, A. and {Navarro}, J.~F. and 
	{Burton}, D. and {Cass}, C.~J.~P. and {Dawe}, J.~A. and {Fiegert}, K. and 
	{Hartley}, M. and {Russell}, K.~S. and {Saunders}, W. and {Enke}, H. and 
	{Bailin}, J. and {Binney}, J. and {Bland-Hawthorn}, J. and {Boeche}, C. and 
	{Dehnen}, W. and {Eisenstein}, D.~J. and {Evans}, N.~W. and 
	{Fiorucci}, M. and {Fulbright}, J.~P. and {Gerhard}, O. and 
	{Jauregi}, U. and {Kelz}, A. and {Mijovi{\'c}}, L. and {Minchev}, I. and 
	{Parmentier}, G. and {Pe{\~n}arrubia}, J. and {Quillen}, A.~C. and 
	{Read}, M.~A. and {Ruchti}, G. and {Scholz}, R.-D. and {Siviero}, A. and 
	{Smith}, M.~C. and {Sordo}, R. and {Veltz}, L. and {Vidrih}, S. and 
	{von Berlepsch}, R. and {Boyle}, B.~J. and {Schilbach}, E.},
    title = "{The Radial Velocity Experiment (RAVE): First Data Release}",
  journal = {\aj},
   eprint = {arXiv:astro-ph/0606211},
 keywords = {Catalogs, Stars: Fundamental Parameters, Surveys},
     year = 2006,
    month = oct,
   volume = 132,
    pages = {1645-1668},
      doi = {10.1086/506564},
   adsurl = {http://adsabs.harvard.edu/abs/2006AJ....132.1645S},
  adsnote = {Provided by the SAO/NASA Astrophysics Data System}
}

@ARTICLE{zwitter;et-al_2008,
   author = {{Zwitter}, T. and {Siebert}, A. and {Munari}, U. and {Freeman}, K.~C. and 
	{Siviero}, A. and {Watson}, F.~G. and {Fulbright}, J.~P. and 
	{Wyse}, R.~F.~G. and {Campbell}, R. and {Seabroke}, G.~M. and 
	{Williams}, M. and {Steinmetz}, M. and {Bienaym{\'e}}, O. and 
	{Gilmore}, G. and {Grebel}, E.~K. and {Helmi}, A. and {Navarro}, J.~F. and 
	{Anguiano}, B. and {Boeche}, C. and {Burton}, D. and {Cass}, P. and 
	{Dawe}, J. and {Fiegert}, K. and {Hartley}, M. and {Russell}, K. and 
	{Veltz}, L. and {Bailin}, J. and {Binney}, J. and {Bland-Hawthorn}, J. and 
	{Brown}, A. and {Dehnen}, W. and {Evans}, N.~W. and {Re Fiorentin}, P. and 
	{Fiorucci}, M. and {Gerhard}, O. and {Gibson}, B. and {Kelz}, A. and 
	{Kujken}, K. and {Matijevi{\v c}}, G. and {Minchev}, I. and 
	{Parker}, Q.~A. and {Pe{\~n}arrubia}, J. and {Quillen}, A. and 
	{Read}, M.~A. and {Reid}, W. and {Roeser}, S. and {Ruchti}, G. and 
	{Scholz}, R.-D. and {Smith}, M.~C. and {Sordo}, R. and {Tolstoi}, E. and 
	{Tomasella}, L. and {Vidrih}, S. and {Wylie-de Boer}, E.},
    title = "{The Radial Velocity Experiment (rave): Second Data Release}",
  journal = {\aj},
archivePrefix = "arXiv",
   eprint = {0806.0546},
 keywords = {catalogs, stars: fundamental parameters, surveys},
     year = 2008,
    month = jul,
   volume = 136,
    pages = {421-451},
      doi = {10.1088/0004-6256/136/1/421},
   adsurl = {http://adsabs.harvard.edu/abs/2008AJ....136..421Z},
  adsnote = {Provided by the SAO/NASA Astrophysics Data System}
}

@article{Barber;et-al_1996,
  title={The quickhull algorithm for convex hulls},
  author={Barber, C.B. and Dobkin, D.P. and Huhdanpaa, H.},
  journal={ACM Transactions on Mathematical Software (TOMS)},
  volume={22},
  number={4},
  pages={469--483},
  year={1996},
  publisher={ACM}
}

@ARTICLE{nissen;schuster_1997,
   author = {{Nissen}, P.~E. and {Schuster}, W.~J.},
    title = "{Chemical composition of halo and disk stars with overlapping metallicities.}",
  journal = {\aap},
 keywords = {STARS: ABUNDANCES, POPULATION II, GALAXY: ABUNDANCES, GALAXY: EVOLUTION, GALAXY: HALO},
     year = 1997,
    month = oct,
   volume = 326,
    pages = {751-762},
   adsurl = {http://adsabs.harvard.edu/abs/1997A%26A...326..751N},
  adsnote = {Provided by the SAO/NASA Astrophysics Data System}
}
@ARTICLE{munari;et-al_2005,
   author = {{Munari}, U. and {Sordo}, R. and {Castelli}, F. and {Zwitter}, T.
	},
    title = "{An extensive library of 2500 10 500 {\AA} synthetic spectra}",
  journal = {\aap},
   eprint = {arXiv:astro-ph/0502047},
 keywords = {astronomical data bases: miscellaneous, stars: atmospheres, stars: fundamental parameters, surveys},
     year = 2005,
    month = nov,
   volume = 442,
    pages = {1127-1134},
      doi = {10.1051/0004-6361:20042490},
   adsurl = {http://adsabs.harvard.edu/abs/2005A%26A...442.1127M},
  adsnote = {Provided by the SAO/NASA Astrophysics Data System}
}


@ARTICLE{schlegel;et-al_1998,
   author = {{Schlegel}, D.~J. and {Finkbeiner}, D.~P. and {Davis}, M.},
    title = "{Maps of Dust Infrared Emission for Use in Estimation of Reddening and Cosmic Microwave Background Radiation Foregrounds}",
  journal = {\apj},
   eprint = {arXiv:astro-ph/9710327},
 keywords = {COSMOLOGY: DIFFUSE RADIATION, COSMOLOGY: COSMIC MICROWAVE BACKGROUND, ISM: DUST, EXTINCTION, INTERPLANETARY MEDIUM, INFRARED: ISM: CONTINUUM},
     year = 1998,
    month = jun,
   volume = 500,
    pages = {525},
      doi = {10.1086/305772},
   adsurl = {http://adsabs.harvard.edu/abs/1998ApJ...500..525S},
  adsnote = {Provided by the SAO/NASA Astrophysics Data System}
}


@INPROCEEDINGS{castelli;kurucz_2003,
   author = {{Castelli}, F. and {Kurucz}, R.~L.},
    title = "{New Grids of ATLAS9 Model Atmospheres}",
booktitle = {Modelling of Stellar Atmospheres},
     year = 2003,
   series = {IAU Symposium},
   volume = 210,
   editor = {{Piskunov}, N. and {Weiss}, W.~W. and {Gray}, D.~F.},
    pages = {20P},
   adsurl = {http://adsabs.harvard.edu/abs/2003IAUS..210P.A20C},
  adsnote = {Provided by the SAO/NASA Astrophysics Data System}
}


@ARTICLE{nissen;schuster_2011,
   author = {{Nissen}, P.~E. and {Schuster}, W.~J.},
    title = "{Two distinct halo populations in the solar neighborhood. II. Evidence from stellar abundances of Mn, Cu, Zn, Y, and Ba}",
  journal = {\aap},
archivePrefix = "arXiv",
   eprint = {1103.4755},
 primaryClass = "astro-ph.GA",
 keywords = {stars: atmospheres, stars: abundances, Galaxy: abundances, Galaxy: halo, Galaxy: formation},
     year = 2011,
    month = jun,
   volume = 530,
      eid = {A15},
    pages = {A15},
      doi = {10.1051/0004-6361/201116619},
   adsurl = {http://adsabs.harvard.edu/abs/2011A%26A...530A..15N},
  adsnote = {Provided by the SAO/NASA Astrophysics Data System}
}


@ARTICLE{sharma;et-al_2011,
   author = {{Sharma}, S. and {Bland-Hawthorn}, J. and {Johnston}, K.~V. and 
	{Binney}, J.},
    title = "{Galaxia: A Code to Generate a Synthetic Survey of the Milky Way}",
  journal = {\apj},
archivePrefix = "arXiv",
   eprint = {1101.3561},
 primaryClass = "astro-ph.GA",
 keywords = {Galaxy: stellar content, Galaxy: structure, methods: data analysis, methods: numerical},
     year = 2011,
    month = mar,
   volume = 730,
      eid = {3},
    pages = {3},
      doi = {10.1088/0004-637X/730/1/3},
   adsurl = {http://adsabs.harvard.edu/abs/2011ApJ...730....3S},
  adsnote = {Provided by the SAO/NASA Astrophysics Data System}
}

@ARTICLE{robin;et-al_2003,
   author = {{Robin}, A.~C. and {Reyl{\'e}}, C. and {Derri{\`e}re}, S. and 
	{Picaud}, S.},
    title = "{A synthetic view on structure and evolution of the Milky Way}",
  journal = {\aap},
 keywords = {Galaxy: stellar content, Galaxy: general, Galaxy: evolution, Galaxy: kinematics and dynamics, Galaxy: structure},
     year = 2003,
    month = oct,
   volume = 409,
    pages = {523-540},
      doi = {10.1051/0004-6361:20031117},
   adsurl = {http://adsabs.harvard.edu/abs/2003A%26A...409..523R},
  adsnote = {Provided by the SAO/NASA Astrophysics Data System}
}


@ARTICLE{decressin;et-al_2007,
   author = {{Decressin}, T. and {Charbonnel}, C. and {Meynet}, G.},
    title = "{Origin of the abundance patterns in Galactic globular clusters: constraints on dynamical and chemical properties of globular clusters}",
  journal = {\aap},
archivePrefix = "arXiv",
   eprint = {0709.4160},
 keywords = {globular clusters: general, globular clusters: individual: NGC 6752, stars: abundances, stars: luminosity function, mass function, stars: mass-loss, stars: rotation},
     year = 2007,
    month = dec,
   volume = 475,
    pages = {859-873},
      doi = {10.1051/0004-6361:20078425},
   adsurl = {http://adsabs.harvard.edu/abs/2007A%26A...475..859D},
  adsnote = {Provided by the SAO/NASA Astrophysics Data System}
}


@ARTICLE{williams;et-al_2011,
   author = {{Williams}, M.~E.~K. and {Steinmetz}, M. and {Sharma}, S. and 
	{Bland-Hawthorn}, J. and {de Jong}, R.~S. and {Seabroke}, G.~M. and 
	{Helmi}, A. and {Freeman}, K.~C. and {Binney}, J. and {Minchev}, I. and 
	{Bienaym{\'e}}, O. and {Campbell}, R. and {Fulbright}, J.~P. and 
	{Gibson}, B.~K. and {Gilmore}, G.~F. and {Grebel}, E.~K. and 
	{Munari}, U. and {Navarro}, J.~F. and {Parker}, Q.~A. and {Reid}, W. and 
	{Siebert}, A. and {Siviero}, A. and {Watson}, F.~G. and {Wyse}, R.~F.~G. and 
	{Zwitter}, T.},
    title = "{The Dawning of the Stream of Aquarius in RAVE}",
  journal = {\apj},
archivePrefix = "arXiv",
   eprint = {1012.2127},
 primaryClass = "astro-ph.GA",
 keywords = {Galaxy: halo, Galaxy: kinematics and dynamics, solar neighborhood},
     year = 2011,
    month = feb,
   volume = 728,
      eid = {102},
    pages = {102},
      doi = {10.1088/0004-637X/728/2/102},
   adsurl = {http://adsabs.harvard.edu/abs/2011ApJ...728..102W},
  adsnote = {Provided by the SAO/NASA Astrophysics Data System}
}

@ARTICLE{siebert;et-al_2011,
   author = {{Siebert}, A. and {Williams}, M.~E.~K. and {Siviero}, A. and 
	{Reid}, W. and {Boeche}, C. and {Steinmetz}, M. and {Fulbright}, J. and 
	{Munari}, U. and {Zwitter}, T. and {Watson}, F.~G. and {Wyse}, R.~F.~G. and 
	{de Jong}, R.~S. and {Enke}, H. and {Anguiano}, B. and {Burton}, D. and 
	{Cass}, C.~J.~P. and {Fiegert}, K. and {Hartley}, M. and {Ritter}, A. and 
	{Russel}, K.~S. and {Stupar}, M. and {Bienaym{\'e}}, O. and 
	{Freeman}, K.~C. and {Gilmore}, G. and {Grebel}, E.~K. and {Helmi}, A. and 
	{Navarro}, J.~F. and {Binney}, J. and {Bland-Hawthorn}, J. and 
	{Campbell}, R. and {Famaey}, B. and {Gerhard}, O. and {Gibson}, B.~K. and 
	{Matijevi{\v c}}, G. and {Parker}, Q.~A. and {Seabroke}, G.~M. and 
	{Sharma}, S. and {Smith}, M.~C. and {Wylie-de Boer}, E.},
    title = "{The RAdial Velocity Experiment (RAVE): Third Data Release}",
  journal = {\aj},
archivePrefix = "arXiv",
   eprint = {1104.3576},
 primaryClass = "astro-ph.GA",
 keywords = {catalogs, stars: fundamental parameters, surveys},
     year = 2011,
    month = jun,
   volume = 141,
      eid = {187},
    pages = {187},
      doi = {10.1088/0004-6256/141/6/187},
   adsurl = {http://adsabs.harvard.edu/abs/2011AJ....141..187S},
  adsnote = {Provided by the SAO/NASA Astrophysics Data System}
}

@ARTICLE{wylie-de-boer;et-al_2012,
   author = {{Wylie-de Boer}, E. and {Freeman}, K. and {Williams}, M. and 
	{Steinmetz}, M. and {Munari}, U. and {Keller}, S.},
    title = "{Tracing the Origin of the Aquarius Stream. I}",
  journal = {\apj},
archivePrefix = "arXiv",
   eprint = {1206.0784},
 primaryClass = "astro-ph.GA",
 keywords = {Galaxy: abundances, Galaxy: evolution, Galaxy: stellar content},
     year = 2012,
    month = aug,
   volume = 755,
      eid = {35},
    pages = {35},
      doi = {10.1088/0004-637X/755/1/35},
   adsurl = {http://adsabs.harvard.edu/abs/2012ApJ...755...35W},
  adsnote = {Provided by the SAO/NASA Astrophysics Data System}
}

@INPROCEEDINGS{bernstein;et-al_2003,
   author = {{Bernstein}, R. and {Shectman}, S.~A. and {Gunnels}, S.~M. and 
	{Mochnacki}, S. and {Athey}, A.~E.},
    title = "{MIKE: A Double Echelle Spectrograph for the Magellan Telescopes at Las Campanas Observatory}",
booktitle = {Society of Photo-Optical Instrumentation Engineers (SPIE) Conference Series},
     year = 2003,
   series = {Society of Photo-Optical Instrumentation Engineers (SPIE) Conference Series},
   volume = 4841,
   editor = {{Iye}, M. and {Moorwood}, A.~F.~M.},
    month = mar,
    pages = {1694-1704},
      doi = {10.1117/12.461502},
   adsurl = {http://adsabs.harvard.edu/abs/2003SPIE.4841.1694B},
  adsnote = {Provided by the SAO/NASA Astrophysics Data System}
}

@ARTICLE{yong;et-al_2005,
   author = {{Yong}, D. and {Carney}, B.~W. and {Teixera de Almeida}, M.~L.
	},
    title = "{Elemental Abundance Ratios in Stars of the Outer Galactic Disk. I. Open Clusters}",
  journal = {\aj},
   eprint = {arXiv:astro-ph/0504193},
 keywords = {Galaxy: Abundances, Galaxy: Disk, Galaxy: Open Clusters and Associations: General},
     year = 2005,
    month = aug,
   volume = 130,
    pages = {597-625},
      doi = {10.1086/430934},
   adsurl = {http://adsabs.harvard.edu/abs/2005AJ....130..597Y},
  adsnote = {Provided by the SAO/NASA Astrophysics Data System}
}

@ARTICLE{frebel;et-al_2010,
   author = {{Frebel}, A. and {Simon}, J.~D. and {Geha}, M. and {Willman}, B.
	},
    title = "{High-Resolution Spectroscopy of Extremely Metal-Poor Stars in the Least Evolved Galaxies: Ursa Major II and Coma Berenices}",
  journal = {\apj},
archivePrefix = "arXiv",
   eprint = {0902.2395},
 primaryClass = "astro-ph.GA",
 keywords = {early universe, galaxies: dwarf, Galaxy: halo, Local Group, stars: abundances, stars: Population II},
     year = 2010,
    month = jan,
   volume = 708,
    pages = {560-583},
      doi = {10.1088/0004-637X/708/1/560},
   adsurl = {http://adsabs.harvard.edu/abs/2010ApJ...708..560F},
  adsnote = {Provided by the SAO/NASA Astrophysics Data System}
}

@ARTICLE{norris;et-al_1996,
   author = {{Norris}, J.~E. and {Ryan}, S.~G. and {Beers}, T.~C.},
    title = "{Extremely Metal-poor Stars. I. Spectroscopic Data}",
  journal = {\apjs},
 keywords = {NUCLEAR REACTIONS, NUCLEOSYNTHESIS, ABUNDANCES, STARS: ABUNDANCES, STARS: POPULATION II},
     year = 1996,
    month = nov,
   volume = 107,
    pages = {391},
      doi = {10.1086/192368},
   adsurl = {http://adsabs.harvard.edu/abs/1996ApJS..107..391N},
  adsnote = {Provided by the SAO/NASA Astrophysics Data System}
}

@PHDTHESIS{sneden;et-al_1973,
   author = {{Sneden}, C.~A.},
    title = "{Carbon and Nitrogen Abundances in Metal-Poor Stars.}",
   school = {The University of Texas at Austin.},
     year = 1973,
   adsurl = {http://adsabs.harvard.edu/abs/1973PhDT.......180S},
  adsnote = {Provided by the SAO/NASA Astrophysics Data System}
}

@ARTICLE{sobeck;et-al_2011,
   author = {{Sobeck}, J.~S. and {Kraft}, R.~P. and {Sneden}, C. and {Preston}, G.~W. and 
	{Cowan}, J.~J. and {Smith}, G.~H. and {Thompson}, I.~B. and 
	{Shectman}, S.~A. and {Burley}, G.~S.},
    title = "{The Abundances of Neutron-capture Species in the Very Metal-poor Globular Cluster M15: A Uniform Analysis of Red Giant Branch and Red Horizontal Branch Stars}",
  journal = {\aj},
archivePrefix = "arXiv",
   eprint = {1103.1008},
 primaryClass = "astro-ph.SR",
 keywords = {globular clusters: individual: M15, radiative transfer, stars: abundances, stars: horizontal-branch, stars: late-type},
     year = 2011,
    month = jun,
   volume = 141,
      eid = {175},
    pages = {175},
      doi = {10.1088/0004-6256/141/6/175},
   adsurl = {http://adsabs.harvard.edu/abs/2011AJ....141..175S},
  adsnote = {Provided by the SAO/NASA Astrophysics Data System}
}

@ARTICLE{asplund;et-al_2009,
   author = {{Asplund}, M. and {Grevesse}, N. and {Sauval}, A.~J. and {Scott}, P.
	},
    title = "{The Chemical Composition of the Sun}",
  journal = {\araa},
archivePrefix = "arXiv",
   eprint = {0909.0948},
 primaryClass = "astro-ph.SR",
     year = 2009,
    month = sep,
   volume = 47,
    pages = {481-522},
      doi = {10.1146/annurev.astro.46.060407.145222},
   adsurl = {http://adsabs.harvard.edu/abs/2009ARA%26A..47..481A},
  adsnote = {Provided by the SAO/NASA Astrophysics Data System}
}

@ARTICLE{woosley;weaver_1995,
   author = {{Woosley}, S.~E. and {Weaver}, T.~A.},
    title = "{The Evolution and Explosion of Massive Stars. II. Explosive Hydrodynamics and Nucleosynthesis}",
  journal = {\apjs},
 keywords = {HYDRODYNAMICS, NUCLEAR REACTIONS, NUCLEOSYNTHESIS, ABUNDANCES, STARS: EVOLUTION, STARS: INTERIORS, STARS: SUPERNOVAE: GENERAL},
     year = 1995,
    month = nov,
   volume = 101,
    pages = {181},
      doi = {10.1086/192237},
   adsurl = {http://adsabs.harvard.edu/abs/1995ApJS..101..181W},
  adsnote = {Provided by the SAO/NASA Astrophysics Data System}
}

@ARTICLE{carretta;et-al_2009_na_o,
   author = {{Carretta}, E. and {Bragaglia}, A. and {Gratton}, R.~G. and 
	{Lucatello}, S. and {Catanzaro}, G. and {Leone}, F. and {Bellazzini}, M. and 
	{Claudi}, R. and {D'Orazi}, V. and {Momany}, Y. and {Ortolani}, S. and 
	{Pancino}, E. and {Piotto}, G. and {Recio-Blanco}, A. and {Sabbi}, E.
	},
    title = "{Na-O anticorrelation and HB. VII. The chemical composition of first and second-generation stars in 15 globular clusters from GIRAFFE spectra}",
  journal = {\aap},
archivePrefix = "arXiv",
   eprint = {0909.2938},
 primaryClass = "astro-ph.GA",
 keywords = {stars: abundances, stars: atmospheres, stars: population II, globular clusters: general},
     year = 2009,
    month = oct,
   volume = 505,
    pages = {117-138},
      doi = {10.1051/0004-6361/200912096},
   adsurl = {http://adsabs.harvard.edu/abs/2009A%26A...505..117C},
  adsnote = {Provided by the SAO/NASA Astrophysics Data System}
}

@ARTICLE{norris;da_costa_1995,
   author = {{Norris}, J.~E. and {Da Costa}, G.~S.},
    title = "{The sodium/aluminum-oxygen anticorrelation in omega Centauri and other clusters}",
  journal = {\apjl},
 keywords = {ABUNDANCE, GLOBULAR CLUSTERS, NUCLEAR FUSION, RED GIANT STARS, STELLAR COMPOSITION, ALUMINUM, CORRELATION, OXYGEN, SODIUM},
     year = 1995,
    month = mar,
   volume = 441,
    pages = {L81-L84},
      doi = {10.1086/187795},
   adsurl = {http://adsabs.harvard.edu/abs/1995ApJ...441L..81N},
  adsnote = {Provided by the SAO/NASA Astrophysics Data System}
}


@ARTICLE{allende-prieto;et-al_2001,
   author = {{Allende Prieto}, C. and {Lambert}, D.~L. and {Asplund}, M.},
    title = "{The Forbidden Abundance of Oxygen in the Sun}",
  journal = {\apjl},
   eprint = {arXiv:astro-ph/0106360},
 keywords = {Sun: Abundances, Sun: Photosphere},
     year = 2001,
    month = jul,
   volume = 556,
    pages = {L63-L66},
      doi = {10.1086/322874},
   adsurl = {http://adsabs.harvard.edu/abs/2001ApJ...556L..63A},
  adsnote = {Provided by the SAO/NASA Astrophysics Data System}
}


@ARTICLE{perez;et-al_2006,
   author = {{Garc{\'{\i}}a P{\'e}rez}, A.~E. and {Asplund}, M. and {Primas}, F. and 
	{Nissen}, P.~E. and {Gustafsson}, B.},
    title = "{Oxygen abundances in metal-poor subgiants as determined from [O I], O I and OH lines}",
  journal = {\aap},
   eprint = {arXiv:astro-ph/0512290},
 keywords = {line: formation, stars: abundances, stars: atmospheres, stars: population II, Galaxy: evolution},
     year = 2006,
    month = may,
   volume = 451,
    pages = {621-642},
      doi = {10.1051/0004-6361:20053181},
   adsurl = {http://adsabs.harvard.edu/abs/2006A%26A...451..621G},
  adsnote = {Provided by the SAO/NASA Astrophysics Data System}
}


@INPROCEEDINGS{hinkle;et-al_2003,
   author = {{Hinkle}, K. and {Wallace}, L. and {Livingston}, W. and {Ayres}, T. and 
	{Harmer}, D. and {Valenti}, J.},
    title = "{High Resolution Infrared, Visible and Ultraviolet Spectral Atlases of the Sun and Arcturus}",
 keywords = {{$\alpha$} Cen},
booktitle = {The Future of Cool-Star Astrophysics: 12th Cambridge Workshop on Cool Stars, Stellar Systems, and the Sun},
     year = 2003,
   volume = 12,
   editor = {{Brown}, A. and {Harper}, G.~M. and {Ayres}, T.~R.},
    month = oct,
    pages = {851-856},
   adsurl = {http://adsabs.harvard.edu/abs/2003csss...12..851H},
  adsnote = {Provided by the SAO/NASA Astrophysics Data System}
}

@ARTICLE{de_mink;et-al_2009,
   author = {{de Mink}, S.~E. and {Pols}, O.~R. and {Langer}, N. and {Izzard}, R.~G.
	},
    title = "{Massive binaries as the source of abundance anomalies in globular clusters}",
  journal = {\aap},
archivePrefix = "arXiv",
   eprint = {0910.1086},
 primaryClass = "astro-ph.SR",
 keywords = {stars: abundances, stars: binaries: close, Galaxy: globular clusters: general, ISM: general},
     year = 2009,
    month = nov,
   volume = 507,
    pages = {L1-L4},
      doi = {10.1051/0004-6361/200913205},
   adsurl = {http://adsabs.harvard.edu/abs/2009A%26A...507L...1D},
  adsnote = {Provided by the SAO/NASA Astrophysics Data System}
}


@ARTICLE{munari;zwitter_1997,
   author = {{Munari}, U. and {Zwitter}, T.},
    title = "{Equivalent width of NA I and K I lines and reddening.}",
  journal = {\aap},
 keywords = {INTERSTELLAR MEDIUM: ATOMS, INTERSTELLAR MEDIUM: DUST, EXTINCTION},
     year = 1997,
    month = feb,
   volume = 318,
    pages = {269-274},
   adsurl = {http://adsabs.harvard.edu/abs/1997A%26A...318..269M},
  adsnote = {Provided by the SAO/NASA Astrophysics Data System}
}

@ARTICLE{reddy;et-al_2003,
   author = {{Reddy}, B.~E. and {Tomkin}, J. and {Lambert}, D.~L. and {Allende Prieto}, C.
	},
    title = "{The chemical compositions of Galactic disc F and G dwarfs}",
  journal = {\mnras},
   eprint = {arXiv:astro-ph/0211551},
 keywords = {stars: abundances, stars: atmospheres, stars: fundamental parameters, stars: kinematics, Galaxy: abundances, Galaxy: evolution},
     year = 2003,
    month = mar,
   volume = 340,
    pages = {304-340},
      doi = {10.1046/j.1365-8711.2003.06305.x},
   adsurl = {http://adsabs.harvard.edu/abs/2003MNRAS.340..304R},
  adsnote = {Provided by the SAO/NASA Astrophysics Data System}
}

@ARTICLE{burris;et-al_2000,
   author = {{Burris}, D.~L. and {Pilachowski}, C.~A. and {Armandroff}, T.~E. and 
	{Sneden}, C. and {Cowan}, J.~J. and {Roe}, H.},
    title = "{Neutron-Capture Elements in the Early Galaxy: Insights from a Large Sample of Metal-poor Giants}",
  journal = {\apj},
   eprint = {arXiv:astro-ph/0005188},
 keywords = {Galaxies: Evolution, Nuclear Reactions, Nucleosynthesis, Abundances, Stars: Abundances, Stars: Population II},
     year = 2000,
    month = nov,
   volume = 544,
    pages = {302-319},
      doi = {10.1086/317172},
   adsurl = {http://adsabs.harvard.edu/abs/2000ApJ...544..302B},
  adsnote = {Provided by the SAO/NASA Astrophysics Data System}
}


@ARTICLE{alonso;et-al_1999,
   author = {{Alonso}, A. and {Arribas}, S. and {Mart{\'{\i}}nez-Roger}, C.
	},
    title = "{The effective temperature scale of giant stars (F0-K5). II. Empirical calibration of T$_{eff}$ versus colours and [Fe/H]}",
  journal = {\aaps},
 keywords = {STARS: FUNDAMENTAL PARAMETERS, STARS: POPULATION II, STARS: GIANTS, STARS: ATMOSPHERES, STARS: GENERAL},
     year = 1999,
    month = dec,
   volume = 140,
    pages = {261-277},
      doi = {10.1051/aas:1999521},
   adsurl = {http://adsabs.harvard.edu/abs/1999A%26AS..140..261A},
  adsnote = {Provided by the SAO/NASA Astrophysics Data System}
}

@ARTICLE{casagrande;et-al_2010,
   author = {{Casagrande}, L. and {Ram{\'{\i}}rez}, I. and {Mel{\'e}ndez}, J. and 
	{Bessell}, M. and {Asplund}, M.},
    title = "{An absolutely calibrated T$_{eff}$ scale from the infrared flux method. Dwarfs and subgiants}",
  journal = {\aap},
archivePrefix = "arXiv",
   eprint = {1001.3142},
 primaryClass = "astro-ph.SR",
 keywords = {stars: fundamental parameters, stars: abundances, stars: atmospheres, infrared: stars, techniques: photometric},
     year = 2010,
    month = mar,
   volume = 512,
      eid = {A54},
    pages = {A54},
      doi = {10.1051/0004-6361/200913204},
   adsurl = {http://adsabs.harvard.edu/abs/2010A%26A...512A..54C},
  adsnote = {Provided by the SAO/NASA Astrophysics Data System}
}


@ARTICLE{fulbright_2000,
   author = {{Fulbright}, J.~P.},
    title = "{Abundances and Kinematics of Field Halo and Disk Stars. I. Observational Data and Abundance Analysis}",
  journal = {\aj},
   eprint = {arXiv:astro-ph/0006260},
 keywords = {Galaxy: Halo, Galaxy: Stellar Content, Stars: Abundances, Stars: Population II, Stars: Subdwarfs},
     year = 2000,
    month = oct,
   volume = 120,
    pages = {1841-1852},
      doi = {10.1086/301548},
   adsurl = {http://adsabs.harvard.edu/abs/2000AJ....120.1841F},
  adsnote = {Provided by the SAO/NASA Astrophysics Data System}
}


@ARTICLE{grevesse;sauval_1998,
   author = {{Grevesse}, N. and {Sauval}, A.~J.},
    title = "{Standard Solar Composition}",
  journal = {\ssr},
 keywords = {Sun: abundances, Meteorites: abundances, Solar spectroscopy},
     year = 1998,
    month = may,
   volume = 85,
    pages = {161-174},
      doi = {10.1023/A:1005161325181},
   adsurl = {http://adsabs.harvard.edu/abs/1998SSRv...85..161G},
  adsnote = {Provided by the SAO/NASA Astrophysics Data System}
}

@ARTICLE{gratton;et-al_2000,
   author = {{Gratton}, R.~G. and {Sneden}, C. and {Carretta}, E. and {Bragaglia}, A.
	},
    title = "{Mixing along the red giant branch in metal-poor field stars}",
  journal = {\aap},
 keywords = {STARS: HERTZSPRUNG-RUSSEL (HR) AND C-M DIAGRAMS, STARS: EVOLUTION, STARS: POPULATION II, GALAXY: GLOBULAR CLUSTERS: GENERAL},
     year = 2000,
    month = feb,
   volume = 354,
    pages = {169-187},
   adsurl = {http://adsabs.harvard.edu/abs/2000A%26A...354..169G},
  adsnote = {Provided by the SAO/NASA Astrophysics Data System}
}

