@ARTICLE{Grillmair_2006,
   author = {{Grillmair}, C.~J.},
    title = "{Detection of a 60{\deg}-long Dwarf Galaxy Debris Stream}",
  journal = {\apjl},
   eprint = {arXiv:astro-ph/0605396},
 keywords = {Galaxy: Halo, Galaxy: Structure, Galaxy: Globular Clusters: General},
     year = 2006,
    month = jul,
   volume = 645,
    pages = {L37-L40},
      doi = {10.1086/505863},
   adsurl = {http://adsabs.harvard.edu/abs/2006ApJ...645L..37G},
  adsnote = {Provided by the SAO/NASA Astrophysics Data System}
}
@ARTICLE{Jin;Lynden-Bell_2007,
   author = {{Jin}, S. and {Lynden-Bell}, D.},
    title = "{Are Complex A and the Orphan stream related?}",
  journal = {\mnras},
   eprint = {arXiv:astro-ph/0703397},
 keywords = {methods: analytical, ISM: clouds, ISM: kinematics and dynamics, Galaxy: halo, Galaxy: structure},
     year = 2007,
    month = jun,
   volume = 378,
    pages = {L64-L66},
      doi = {10.1111/j.1745-3933.2007.00321.x},
   adsurl = {http://adsabs.harvard.edu/abs/2007MNRAS.378L..64J},
  adsnote = {Provided by the SAO/NASA Astrophysics Data System}
}

@ARTICLE{Norris;et-al_1996,
   author = {{Norris}, J.~E. and {Ryan}, S.~G. and {Beers}, T.~C.},
    title = "{Extremely Metal-poor Stars. I. Spectroscopic Data}",
  journal = {\apjs},
 keywords = {NUCLEAR REACTIONS, NUCLEOSYNTHESIS, ABUNDANCES, STARS: ABUNDANCES, STARS: POPULATION II},
     year = 1996,
    month = nov,
   volume = 107,
    pages = {391},
      doi = {10.1086/192368},
   adsurl = {http://adsabs.harvard.edu/abs/1996ApJS..107..391N},
  adsnote = {Provided by the SAO/NASA Astrophysics Data System}
}

@ARTICLE{Bell;et-al_2008,
   author = {{Bell}, E.~F. and {Zucker}, D.~B. and {Belokurov}, V. and {Sharma}, S. and 
	{Johnston}, K.~V. and {Bullock}, J.~S. and {Hogg}, D.~W. and 
	{Jahnke}, K. and {de Jong}, J.~T.~A. and {Beers}, T.~C. and 
	{Evans}, N.~W. and {Grebel}, E.~K. and {Ivezi{\'c}}, {\v Z}. and 
	{Koposov}, S.~E. and {Rix}, {H.-W.} and {Schneider}, D.~P. and 
	{Steinmetz}, M. and {Zolotov}, A.},
    title = "{The Accretion Origin of the Milky Way's Stellar Halo}",
  journal = {\apj},
archivePrefix = "arXiv",
   eprint = {0706.0004},
 keywords = {Galaxies: Halos, Galaxy: Evolution, Galaxy: Formation, Galaxy: General, Galaxy: Halo, Galaxy: Structure},
     year = 2008,
    month = jun,
   volume = 680,
    pages = {295-311},
      doi = {10.1086/588032},
   adsurl = {http://adsabs.harvard.edu/abs/2008ApJ...680..295B},
  adsnote = {Provided by the SAO/NASA Astrophysics Data System}
}

@ARTICLE{Starkenburg;et-al_2010,
   author = {{Starkenburg}, E. and {Hill}, V. and {Tolstoy}, E. and {Gonz{\'a}lez Hern{\'a}ndez}, J.~I. and 
	{Irwin}, M. and {Helmi}, A. and {Battaglia}, G. and {Jablonka}, P. and 
	{Tafelmeyer}, M. and {Shetrone}, M. and {Venn}, K. and {de Boer}, T.
	},
    title = "{The NIR Ca ii triplet at low metallicity. Searching for extremely low-metallicity stars in classical dwarf galaxies}",
  journal = {\aap},
archivePrefix = "arXiv",
   eprint = {1002.2963},
 primaryClass = "astro-ph.SR",
 keywords = {stars: abundances, galaxies: dwarf, galaxies: evolution, Local Group, Galaxy: formation},
     year = 2010,
    month = apr,
   volume = 513,
      eid = {A34},
    pages = {A34},
      doi = {10.1051/0004-6361/200913759},
   adsurl = {http://adsabs.harvard.edu/abs/2010A%26A...513A..34S},
  adsnote = {Provided by the SAO/NASA Astrophysics Data System}
}

@ARTICLE{Casey;et-al_2012,
   author = {{Casey}, A.~R. and {Keller}, S.~C. and {Da Costa}, G.},
    title = "{Kinematics and Chemistry of Halo Substructures: The Vicinity of the Virgo Overdensity}",
  journal = {\aj},
archivePrefix = "arXiv",
   eprint = {1202.0274},
 primaryClass = "astro-ph.SR",
 keywords = {Galaxy: halo, Galaxy: structure, stars: kinematics and dynamics},
     year = 2012,
    month = apr,
   volume = 143,
      eid = {88},
    pages = {88},
      doi = {10.1088/0004-6256/143/4/88},
   adsurl = {http://adsabs.harvard.edu/abs/2012AJ....143...88C},
  adsnote = {Provided by the SAO/NASA Astrophysics Data System}
}
@ARTICLE{Hambly;et-al_2001,
   author = {{Hambly}, N.~C. and {MacGillivray}, H.~T. and {Read}, M.~A. and 
	{Tritton}, S.~B. and {Thomson}, E.~B. and {Kelly}, B.~D. and 
	{Morgan}, D.~H. and {Smith}, R.~E. and {Driver}, S.~P. and {Williamson}, J. and 
	{Parker}, Q.~A. and {Hawkins}, M.~R.~S. and {Williams}, P.~M. and 
	{Lawrence}, A.},
    title = "{The SuperCOSMOS Sky Survey - I. Introduction and description}",
  journal = {\mnras},
   eprint = {arXiv:astro-ph/0108286},
 keywords = {astronomical data bases: miscellaneous; catalogues; surveys; stars: general; galaxies: general; cosmology: observations},
     year = 2001,
    month = oct,
   volume = 326,
    pages = {1279-1294},
      doi = {10.1111/j.1365-8711.2001.04660.x},
   adsurl = {http://adsabs.harvard.edu/abs/2001MNRAS.326.1279H},
  adsnote = {Provided by the SAO/NASA Astrophysics Data System}
}

@ARTICLE{Zucker;et-al_2006,
   author = {{Zucker}, D.~B. and {Belokurov}, V. and {Evans}, N.~W. and {Kleyna}, J.~T. and 
	{Irwin}, M.~J. and {Wilkinson}, M.~I. and {Fellhauer}, M. and 
	{Bramich}, D.~M. and {Gilmore}, G. and {Newberg}, H.~J. and 
	{Yanny}, B. and {Smith}, J.~A. and {Hewett}, P.~C. and {Bell}, E.~F. and 
	{Rix}, H.-W. and {Gnedin}, O.~Y. and {Vidrih}, S. and {Wyse}, R.~F.~G. and 
	{Willman}, B. and {Grebel}, E.~K. and {Schneider}, D.~P. and 
	{Beers}, T.~C. and {Kniazev}, A.~Y. and {Barentine}, J.~C. and 
	{Brewington}, H. and {Brinkmann}, J. and {Harvanek}, M. and 
	{Kleinman}, S.~J. and {Krzesinski}, J. and {Long}, D. and {Nitta}, A. and 
	{Snedden}, S.~A.},
    title = "{A Curious Milky Way Satellite in Ursa Major}",
  journal = {\apjl},
   eprint = {arXiv:astro-ph/0606633},
 keywords = {Galaxies: Dwarf, galaxies: individual (Ursa Major II), Galaxies: Local Group},
     year = 2006,
    month = oct,
   volume = 650,
    pages = {L41-L44},
      doi = {10.1086/508628},
   adsurl = {http://adsabs.harvard.edu/abs/2006ApJ...650L..41Z},
  adsnote = {Provided by the SAO/NASA Astrophysics Data System}
}

@ARTICLE{Belokurov;et-al_2006,
   author = {{Belokurov}, V. and {Zucker}, D.~B. and {Evans}, N.~W. and {Gilmore}, G. and 
	{Vidrih}, S. and {Bramich}, D.~M. and {Newberg}, H.~J. and {Wyse}, R.~F.~G. and 
	{Irwin}, M.~J. and {Fellhauer}, M. and {Hewett}, P.~C. and {Walton}, N.~A. and 
	{Wilkinson}, M.~I. and {Cole}, N. and {Yanny}, B. and {Rockosi}, C.~M. and 
	{Beers}, T.~C. and {Bell}, E.~F. and {Brinkmann}, J. and {Ivezi{\'c}}, {\v Z}. and 
	{Lupton}, R.},
    title = "{The Field of Streams: Sagittarius and Its Siblings}",
  journal = {\apjl},
   eprint = {arXiv:astro-ph/0605025},
 keywords = {Galaxies: Individual: Name: Sagittarius dSph, Galaxies: Kinematics and Dynamics, Galaxies: Structure, Galaxy: Halo, Galaxies: Local Group},
     year = 2006,
    month = may,
   volume = 642,
    pages = {L137-L140},
      doi = {10.1086/504797},
   adsurl = {http://adsabs.harvard.edu/abs/2006ApJ...642L.137B},
  adsnote = {Provided by the SAO/NASA Astrophysics Data System}
}

@ARTICLE{Belokurov;et-al_2007,
   author = {{Belokurov}, V. and {Evans}, N.~W. and {Irwin}, M.~J. and {Lynden-Bell}, D. and 
	{Yanny}, B. and {Vidrih}, S. and {Gilmore}, G. and {Seabroke}, G. and 
	{Zucker}, D.~B. and {Wilkinson}, M.~I. and {Hewett}, P.~C. and 
	{Bramich}, D.~M. and {Fellhauer}, M. and {Newberg}, H.~J. and 
	{Wyse}, R.~F.~G. and {Beers}, T.~C. and {Bell}, E.~F. and {Barentine}, J.~C. and 
	{Brinkmann}, J. and {Cole}, N. and {Pan}, K. and {York}, D.~G.
	},
    title = "{An Orphan in the ``Field of Streams''}",
  journal = {\apj},
   eprint = {arXiv:astro-ph/0605705},
 keywords = {Galaxies: Kinematics and Dynamics, Galaxies: Structure, Galaxies: Local Group},
     year = 2007,
    month = mar,
   volume = 658,
    pages = {337-344},
      doi = {10.1086/511302},
   adsurl = {http://adsabs.harvard.edu/abs/2007ApJ...658..337B},
  adsnote = {Provided by the SAO/NASA Astrophysics Data System}
}

@ARTICLE{Fellhaur;et-al_2007,
   author = {{Fellhauer}, M. and {Evans}, N.~W. and {Belokurov}, V. and {Zucker}, D.~B. and 
	{Yanny}, B. and {Wilkinson}, M.~I. and {Gilmore}, G. and {Irwin}, M.~J. and 
	{Bramich}, D.~M. and {Vidrih}, S. and {Hewett}, P. and {Beers}, T.
	},
    title = "{Is Ursa Major II the progenitor of the Orphan Stream?}",
  journal = {\mnras},
   eprint = {arXiv:astro-ph/0611157},
 keywords = {methods: N-body simulations, galaxies: dwarf, galaxies: evolution, galaxies: individual: UMa II, galaxies: kinematics and dynamics},
     year = 2007,
    month = mar,
   volume = 375,
    pages = {1171-1179},
      doi = {10.1111/j.1365-2966.2006.11404.x},
   adsurl = {http://adsabs.harvard.edu/abs/2007MNRAS.375.1171F},
  adsnote = {Provided by the SAO/NASA Astrophysics Data System}
}

@ARTICLE{Newberg;et-al_2010,
   author = {{Newberg}, H.~J. and {Willett}, B.~A. and {Yanny}, B. and {Xu}, Y.
	},
    title = "{The Orbit of the Orphan Stream}",
  journal = {\apj},
archivePrefix = "arXiv",
   eprint = {1001.0576},
 primaryClass = "astro-ph.GA",
 keywords = {Galaxy: halo, Galaxy: structure, stars: kinematics and dynamics},
     year = 2010,
    month = mar,
   volume = 711,
    pages = {32-49},
      doi = {10.1088/0004-637X/711/1/32},
   adsurl = {http://adsabs.harvard.edu/abs/2010ApJ...711...32N},
  adsnote = {Provided by the SAO/NASA Astrophysics Data System}
}


@ARTICLE{Gratton;et-al_2000,
   author = {{Gratton}, R.~G. and {Sneden}, C. and {Carretta}, E. and {Bragaglia}, A.
	},
    title = "{Mixing along the red giant branch in metal-poor field stars}",
  journal = {\aap},
 keywords = {STARS: HERTZSPRUNG-RUSSEL (HR) AND C-M DIAGRAMS, STARS: EVOLUTION, STARS: POPULATION II, GALAXY: GLOBULAR CLUSTERS: GENERAL},
     year = 2000,
    month = feb,
   volume = 354,
    pages = {169-187},
   adsurl = {http://adsabs.harvard.edu/abs/2000A%26A...354..169G},
  adsnote = {Provided by the SAO/NASA Astrophysics Data System}
}

@ARTICLE{Fulbright_2000,
   author = {{Fulbright}, J.~P.},
    title = "{Abundances and Kinematics of Field Halo and Disk Stars. I. Observational Data and Abundance Analysis}",
  journal = {\aj},
   eprint = {arXiv:astro-ph/0006260},
 keywords = {Galaxy: Halo, Galaxy: Stellar Content, Stars: Abundances, Stars: Population II, Stars: Subdwarfs},
     year = 2000,
    month = oct,
   volume = 120,
    pages = {1841-1852},
      doi = {10.1086/301548},
   adsurl = {http://adsabs.harvard.edu/abs/2000AJ....120.1841F},
  adsnote = {Provided by the SAO/NASA Astrophysics Data System}
}
@ARTICLE{Francois_1996,
   author = {{Francois}, P.},
    title = "{Abundance of barium in metal poor stars.}",
  journal = {\aap},
 keywords = {STARS: POPULATION II, ABUNDANCES},
     year = 1996,
    month = sep,
   volume = 313,
    pages = {229-233},
   adsurl = {http://adsabs.harvard.edu/abs/1996A%26A...313..229F},
  adsnote = {Provided by the SAO/NASA Astrophysics Data System}
}


